2389 3408
897 355 1268 430 (LVIL)

245 468 405 524 lumen
443 471 645 539 praetulit
670 504 686 533 ,
732 485 880 591 vatque
925 490 1035 523 eam
1073 472 1246 537 agendi
1282 470 1632 540 cogitandique
1667 471 1908 525 solertiam

244 542 422 592 indidit
446 574 462 601 ,
513 558 608 608 qua
657 541 786 592 nodo
828 539 965 592 lIimae
1012 539 1256 593 discordiae
1292 560 1435 593 nexus
1473 560 1620 607 prope
1659 548 1904 593 ineXtrica-

246 610 364 661 biles
398 614 448 662 &
488 608 697 660 infinitos
734 611 995 677 pervadere
1020 643 1037 670 ,
1076 609 1374 678 introspicere
1400 645 1415 672 ,
1454 616 1503 663 &
1538 613 1764 678 expedire
1805 609 1902 679 pos-

248 678 313 729 set
339 714 350 725 .
400 678 534 743 Qid
569 686 698 737 enim
734 674 1068 729 admirabilius
1101 679 1326 730 omnibus
1361 679 1581 744 gentibus
1610 713 1626 741 ,
1674 681 1792 748 quid
1824 699 1910 747 op-

247 753 395 798 tatius
431 744 711 796 Christianae
752 746 1051 813 Reipublicae
1087 749 1302 798 accidere
1339 753 1498 815 potuit
1522 782 1538 810 ,
1567 766 1721 815 ‘quam
1743 783 1759 810 ,
1800 767 1913 799 cum

250 816 741 878 bellummaximum
775 813 933 878 esset,
981 819 1113 878 cujus
1162 816 1275 867 belli
1324 823 1510 869 exitum
1560 835 1725 867 omnes
1775 824 1912 868 time-

248 901 350 935 rent
374 919 390 946 ,
426 882 651 950 sapientia
689 882 881 934 Caesaris
920 885 970 935 id
1009 891 1168 950 potius
1199 890 1451 951 extingui,
1488 899 1634 954 quam
1665 893 1818 937 armis
1864 891 1916 940 &

253 950 379 1004 ferro
414 966 527 1017 rem-
552 960 596 1003 in
633 951 881 1004 discrimen
917 954 1140 1004 adduci?
1481 978 1485 982 ·

326 1027 496 1090 Atque
525 1022 619 1073 haec
644 1022 723 1073 illa
751 1041 843 1089 pax
878 1022 974 1083 est,
999 1029 1131 1084 cujus
1155 1026 1399 1088 opiniones.
1418 1028 1650 1084 maJOrem
1698 1029 1795 1085 jam
1836 1040 1918 1074 coeb

259 1096 418 1158 pimus
449 1089 714 1151 ”srud’tum3
763 1109 879 1158 qua-
907 1089 1093 1142 factum
1133 1091 1209 1141 >est
1237 1123 1253 1151 ,
1311 1107 1361 1142 ut
1411 1097 1454 1141 in
1505 1108 1634 1142 tanta
1694 1096 1917 1159 imperii,

256 1177 486 1227 tanquam
534 1160 661 1211 orbis
686 1194 702 1220 ,
740 1158 1040 1212 conver-sione
1080 1166 1161 1209 vix
1200 1158 1474 1226 impressam
1535 1166 1752 1227 praeteriti
1803 1160 1917 1211 belli

253 1228 466 1278 orbitam·
502 1230 771 1280 videremus
794 1263 806 1275 .
847 1230 983 1280 Hinc
1022 1246 1169 1297 prope
1204 1228 1302 1289 est,
1338 1244 1391 1279 ut
1425 1246 1621 1279 eventus
1649 1244 1918 1296 pugnarum

256 1303 412 1347 varios
449 1296 703 1367 martisque
738 1304 1009 1349 communis
1033 1297 1196 1364 eloqui
1239 1296 1399 1360 palam
1441 1316 1534 1348 non
1568 1294 1914 1348 reformidem.

256 1367 339 1417 Ac
377 1367 536 1416 videte
561 1402 577 1429 ,
615 1384 762 1436 quam
790 1385 882 1416 non
921 1363 1258 1430 reformidem.
1304 1364 1479 1415 Videte
1519 1383 1696 1433 quanta
1740 1367 1819 1416 lux
1857 1367 1918 1416 sa-

255 1440 440 1501 pientiae
477 1435 710 1495 CAROLI,
749 1440 925 1495 animi,
961 1431 1167 1487 consilii,
1203 1431 1498 1484 tortitudinis
1525 1435 1645 1484 inihi
1673 1434 1802 1500 apud
1830 1451 1917 1485 vos

257 1501 434 1553 dicenti
461 1501 705 1553 oboriatur
731 1508 748 1552 ἓ
787 1501 1050 1569 planissime
1075 1504 1235 1553 dicam
1262 1536 1278 1563 ,
1318 1518 1367 1552 ut
1411 1520 1577 1553 omnes
1608 1503 1914 1566 intelligant.

256 1575 456 1639 Anceps
483 1577 529 1623 δε
571 1577 699 1621 varia
727 1570 816 1622 fuit
858 1589 939 1639 per
980 1569 1115 1622 hosce
1151 1590 1297 1621 annos
1334 1570 1447 1622 belli
1479 1568 1672 1622 fortuna
1698 1607 1710 1618 .
1765 1575 1921 1622 Arces

254 1655 402 1707 captae
426 1639 725 1705 complures,
765 1642 1024 1691 Provinciae
1061 1659 1154 1690 uno
1179 1639 1317 1690 aditu
1355 1656 1500 1707 atque
1539 1643 1751 1691 adventu
1776 1652 1916 1691 occu-

258 1726 398 1775 patae.
441 1705 598 1758 Semel
624 1707 687 1759 ad
719 1711 942 1759 Parmam
970 1743 986 1769 ,
1039 1714 1210 1759 iterum
1259 1708 1322 1758 ad
1361 1708 1652 1773 Qistellum
1679 1707 1920 1759 -inllrue'ta

257 1784 357 1827 acie
386 1774 672 1828 dimicatum
710 1777 777 1827 est
801 1796 827 1828 a
857 1778 1132 1828 Caelarianis
1159 1799 1167 1827 ε
1218 1777 1411 1827 alternis
1450 1777 1567 1827 vicsti
1600 1774 1820 1838 fuimus,
1860 1778 1926 1827 al-

259 1852 401 1895 ternis
423 1845 634 1895 vid'tores
659 1882 670 1892 .
710 1847 876 1911 Qid?
918 1846 1056 1897 Num
1095 1842 1232 1896 vobis
1260 1845 1427 1895 videor
1449 1861 1586 1896 caute
1612 1851 1660 1897 &
1700 1846 1918 1910 pedeten-

260 1921 351 1964 tim
378 1914 437 1965 de
467 1914 604 1965 rebus
644 1912 885 1966 invidiosis
922 1916 1121 1964 dicere?
1171 1914 1311 1964 Num
1348 1920 1518 1964 tacitos
1559 1912 1732 1963 vestros
1771 1913 1918 1964 sensus

257 1984 591 2033 extimescere?
630 1983 910 2033 Verendum
936 1980 1127 2047 fortasse
1155 1982 1274 2033 mihi
1302 1980 1399 2043 est,
1428 2000 1493 2032 ‘ne
1521 1981 1798 2048 imprudens
1824 1982 1919 2033 huc

244 2051 548 2103 inciderim?
583 2048 714 2119 quasi
740 2070 852 2103 vero
879 2049 1016 2103 subsit
1042 2048 1192 2102 neseio
1228 2051 1347 2118 quid
1385 2050 1545 2101 adhuc
1583 2056 1820 2118 opInionis
1857 2057 1920 2100 in—

258 2121 560 2171 commodae?
591 2128 752 2171 immo
769 2139 911 2182 vero,
937 2136 988 2171 ut
1003 2122 1438 2186 circumlpiciatnus
1453 2125 1648 2180 omnia,
1680 2119 1921 2186 nihilpro-

260 2186 392 2240 sedto
431 2197 585 2241 minus
612 2222 624 2233 ·
677 2189 993 2240 Periculosum
1045 2187 1162 2240 olim
1202 2187 1352 2240 suerat
1400 2194 1444 2237 in
1488 2189 1579 2238 illis
1623 2190 1816 2255 lmperii
1857 2204 1920 2239 te·

262 2258 457 2319 nebriS,
506 2259 626 2326 quid
677 2258 815 2325 plane
863 2255 1185 2325 sperandum,
1233 2257 1352 2325 qui-d
1391 2257 1734 2324 desperandum
1773 2255 1919 2319 esset,

263 2335 510 2378 vaticinari
535 2363 546 2374 .
597 2331 671 2378 At
709 2325 905 2377 discussa
930 2333 1029 2388 iam
1056 2324 1123 2377 est
1150 2327 1229 2377 illa
1256 2325 1456 2388 caligo,
1495 2326 1669 2376 diluxit
1696 2360 1712 2386 ,
1750 2341 1915 2392 patet,

264 2396 487 2447 videmus
511 2401 704 2454 omnia,
729 2396 958 2462 adempta
984 2394 1147 2446 silendi
1179 2395 1285 2455 lex,
1314 2394 1438 2459 *Qae
1464 2391 1634 2445 fuerint
1663 2400 1790 2463 pacis
1815 2413 1922 2445 con*

265 2465 473 2516 ditiones
500 2500 516 2527 ,
542 2464 689 2532 probe
718 2463 868 2514 ‘nostis
894 2499 905 2509 .
944 2463 1088 2514 Bello
1124 2463 1285 2515 ablata
1320 2464 1619 2515 restituantur
1646 2484 1655 2513 :
1702 2466 1724 2513 vl
1737 2462 1921 2514 nsubria

266 2533 509 2585 Austriaci
545 2539 657 2595 juris
678 2532 803 2584 esto:
843 2531 1045 2593 Parma,
1086 2534 1354 2593 Placentia,
1396 2533 1583 2582 Emiliae
1619 2531 1814 2583 urbibus
1850 2550 1921 2582 ce-

263 2604 379 2652 dant
420 2603 626 2654 vicsslores
652 2638 663 2649 .
714 2601 1042 2665 Filisburgum
1078 2601 1352 2652 Germaniae
1385 2600 1643 2653 claustrum
1680 2598 1733 2651 sit
1769 2598 1919 2651 rursus

261 2677 307 2721 in
353 2674 547 2738 lmperii
587 2669 840 2739 potestate.
880 2669 1081 2720 'Polonia
1125 2669 1271 2721 hostis
1296 2669 1563 2730 abstineat3
1603 2667 1914 2735 obsidemque

254 2738 743 2791 firmatae‘concordiae
769 2738 1141 2803 Lotharingiam
1169 2745 1370 2805 accipiat
1399 2739 1657 2789 Stanislaus
1690 2740 1832 2796 Rex,
1861 2755 1916 2786 ac

262 2809 424 2873 Ioanni
454 2809 670 2873 *Galloni
711 2814 867 2876 primo
917 2808 1051 2857 heres
1118 2806 1342 2859 scribatur
1392 2808 1512 2858 Dux
1563 2806 1920 2870 Lotharingiae,

251 2877 578 2946 cunstamque
602 2878 862 2931 'Etruriam
900 2876 1111 2929 obtineat
1146 2896 1206 2929 eo
1243 2882 1342 2939 jure
1381 2909 1397 2937 ,
1446 2894 1544 2943 quo
1580 2882 1663 2944 qui
1700 2881 1916 2941 optimot.

1716 2944 1858 2996 MA—
