2446 3408
822 356 1229 425 (xxxw)

182 487 274 520 non
314 467 657 520 intermittebat
686 499 701 528 ‚
753 465 883 535 quafi
932 469 1117 522 donum
1167 465 1370 536 aliquod
1421 468 1640 534 quotidie
1678 465 1845 521 afferre

185 537 514 589 amantiffimae
549 538 760 587 Civitati
787 572 800 584 .

254 606 512 658 Had‘tenus
583 605 806 657 dedimus
867 607 1136 674 Principem
1185 639 1202 666 2
1273 624 1419 674 quem
1479 604 1575 658 sola
1641 607 1845 671 Religio

183 682 401 727 omnium
440 676 620 741 {emper
653 672 957 726 consiliorum
998 693 1253 743 rerumque
1288 674 1526 739 gestarum
1564 675 1847 726 administra

179 750 229 796 dc
266 763 429 796 comes
466 750 511 794 in
548 743 669 794 hanc
700 743 898 809 Imperii
924 749 973 795 &
998 745 1159 809 gloriae
1186 744 1342 795 lucem
1377 745 1576 805 eduxit5
1603 752 1701 807 J‘am
1727 743 1848 812 quid

184 814 392 879 Religio
428 812 567 875 liuius
602 809 802 872 artifex,
837 811 1082 881 custosque
1120 811 1361 864 felicitatis
1398 814 1622 868 CAROLO
1649 813 1851 874 debeat,

184 884 274 932 hac
311 883 458 933 altera
496 882 745 932 Orationis
782 897 916 948 parte
943 915 959 945 ‚
995 901 1204 950 exequar
1229 918 1241 931 .
1292 883 1427 948 Qid
1463 888 1591 932 enim
1630 883 1851 949 deinceps

181 951 421 1002 laboravit
446 984 462 1011 ,
510 966 592 1002 aut
628 950 748 1019 quid
783 957 885 1014 egit
910 985 927 1013 ,
975 950 1057 1002 nisi
1097 970 1147 1002 ut
1183 957 1368 1003 avitam
1407 950 1724 1015 Religionem
1761 948 1848 1001 sar·

183 1038 284 1070 tam
334 1020 614 1087 tediamque
660 1018 918 1071 custodiret
971 1025 987 1070 ?
1038 1024 1207 1088 Atque
1269 1021 1349 1072 ubi
1397 1026 1609 1087 primum
1655 1039 1682 1071 e
1731 1017 1850 1071 solio

182 1087 456 1155 despectare
522 1092 789 1156 Imperium
853 1087 1119 1141 universum
1170 1090 1426 1143 CAROLUS
1472 1094 1611 1156 coepit
1661 1111 1670 1139 ε
1739 1107 1851 1139 cum

183 1158 369 1208 videret
420 1157 666 1209 Thracem
693 1191 708 1220 ‚
755 1155 838 1208 etsi
875 1164 1081 1226 paternis
1119 1155 1367 1222 Leopoldi
1416 1158 1676 1224 triumphis
1714 1158 1853 1208 vehe-

182 1242 365 1277 menter
401 1226 709 1278 debilitatum
736 1261 752 1287 a
801 1244 989 1278 tantum
1038 1244 1198 1277 tamen
1236 1224 1409 1291 opibus
1443 1244 1714 1293 conatuque
1750 1232 1849 1287 jam

182 1294 430 1346 invaluisse
456 1330 472 1356 ,
521 1312 572 1347 ut
620 1313 763 1346 omne
814 1297 1053 1364 reliquum
1092 1312 1283 1361 tempus
1319 1311 1411 1342 non
1447 1297 1511 1346 ad
1548 1294 1850 1346 oblivionem

179 1369 351 1414 veteris
386 1364 501 1414 belli
537 1383 553 1425 3
616 1364 693 1414 sed
732 1363 797 1414 ad
834 1371 1249 1431 comparationem
1288 1369 1400 1412 novi
1435 1361 1746 1416 contulisset:
1794 1383 1850 1415 ac

180 1448 397 1499 praeteren
447 1452 557 1483 cum
608 1432 872 1484 multorum
923 1435 1093 1483 litteris
1141 1454 1196 1485 ac
1256 1436 1436 1483 nunciis
1481 1467 1497 1495 ‚
1548 1434 1850 1484 Venetorum

178 1497 427 1568 praesertim
455 1535 470 1562 ,
519 1509 615 1563 jam
655 1502 842 1551 audiret
867 1535 883 1563 ‚
934 1506 1200 1554 Acmetern
1240 1503 1511 1553 Turcarum
1553 1503 1750 1566 Regem
1788 1504 1854 1553 ad

179 1571 395 1634 AEgeum
436 1589 564 1621 mare
601 1569 834 1620 terrestres
871 1568 1150 1639 navalesque
1175 1577 1338 1639 copias
1375 1576 1625 1622 intentiore
1662 1571 1856 1623 deleetu

174 1637 492 1691 cor-traxisse:
542 1645 788 1690 enimvero
822 1637 989 1691 exarsit
1027 1642 1279 1695 CAROLUS
1313 1674 1329 1702 ,
1377 1640 1685 1707 sanC’tamque
1723 1640 1856 1692 indu-

178 1715 359 1758 ciarum
402 1706 550 1757 fidem
600 1706 878 1769 obtestans,
927 1709 1112 1759 {uarum
1162 1707 1254 1758 effe
1309 1715 1517 1775 partium
1555 1708 1691 1760 duxit
1729 1726 1858 1759 com·

177 1796 323 1828 mune
361 1772 698 1827 foederatorum
740 1777 1008 1844 perjeulum
1049 1776 1228 1838 subire,
1265 1795 1412 1845 atque
1446 1784 1664 1845 excipere
1699 1796 1850 1828 unum

178 1864 269 1914 pro
320 1842 542 1895 universis
589 1879 601 1891 .
673 1845 974 1897 Meminerat
1010 1854 1138 1897 enim
1176 1847 1247 1904 se,
1284 1866 1394 1897 cum
1436 1854 1647 1914 primum
1684 1844 1846 1898 faustis

176 1912 419 1965 ominibus
458 1913 727 1980 Imperium
764 1914 1030 1981 auspicatus
1065 1916 1132 1966 est
1167 1949 1183 1976 ‚
1235 1914 1325 1965 hoc
1374 1915 1543 1967 dixisse
1579 1916 1852 1966 Sacramen-

176 2001 312 2043 tum,
351 1997 402 2033 ut
440 1988 623 2032 avitam
664 1979 812 2032 fidem
852 2001 938 2050 pro
975 1984 1099 2034 virili
1137 2000 1388 2045 tueretur5
1436 1985 1478 2035 se
1519 1987 1786 2052 Imperium
1823 2003 1852 2034 a

175 2052 297 2102 Deo
334 2049 563 2116 accepiffe
589 2084 604 2111 ‚
643 2051 776 2117 quod
817 2052 932 2103 Deo
979 2051 1177 2104 servaret
1215 2070 1232 2112 3
1280 2054 1504 2103 Praeterea
1554 2051 1851 2104 recursabant

175 2127 341 2171 animo
379 2118 583 2186 praeclari
632 2120 703 2169 illi
755 2119 1030 2186 Religionis
1078 2119 1380 2183 defensores,
1430 2122 1637 2184 Caroli,
1689 2123 1849 2173 Ferdi-

177 2189 321 2239 nandi
359 2222 375 2249 ‚
429 2187 679 2255 Leopoldi
704 2222 720 2251 ,
761 2189 935 2256 quibus
970 2191 1158 2241 editum
1199 2188 1239 2240 se
1276 2190 1573 2254 gloriabatur
1608 2225 1623 2254 ‚
1672 2198 1852 2259 quique

177 2265 276 2319 jam
317 2257 427 2307 inde
465 2256 525 2306 ab
560 2274 728 2309 exortu
769 2260 966 2326 Imperii
992 2293 1007 2321 ‚
1059 2260 1332 2310 Turcarum
1371 2266 1417 2309 in
1469 2261 1720 2328 Europam
1770 2261 1851 2311 ad-

177 2344 374 2378 ventum
424 2326 838 2378 intercludendum
888 2345 1212 2395 putaverunt.
1264 2330 1465 2380 Horum
1513 2336 1742 2397 pietatem
1791 2348 1847 2380 ac

176 2392 564 2462 magnitudinem
615 2396 859 2446 aemulatus
895 2396 1049 2447 Caesar
1074 2432 1089 2458 ,
1129 2415 1180 2448 ut
1218 2403 1430 2464 primum
1468 2415 1624 2449 rerum
1663 2404 1846 2465 potitus

176 2463 296 2526 fuit,
334 2479 633 2531 quamquam
660 2469 709 2514 ἀ
737 2462 983 2526 finitimiS,
1021 2473 1068 2518 &
1095 2465 1368 2517 domesticis
1395 2467 1657 2534 implicitus
1684 2467 1849 2530 bellis,

177 2541 223 2584 in
260 2536 464 2584 eandem
501 2548 663 2582 tamen
681 2533 876 2584 laudem
915 2540 1143 2585 acerrime
1183 2535 1424 2597 incubuit,
1455 2555 1510 2586 ac
1564 2556 1655 2586 non
1694 2538 1846 2588 modo

176 2608 459 2670 opinionem
511 2607 624 2650 vicit
673 2608 922 2662 omnium,
960 2601 1036 2652 sed
1084 2610 1232 2653 etiam
1272 2605 1478 2667 gloriam
1518 2604 1843 2671 superiorum.

248 2672 373 2721 Vere
408 2675 543 2720 enim
582 2670 705 2720 mihi
743 2670 836 2721 hoc
876 2671 1044 2722 videor
1078 2670 1170 2722 effe
1209 2672 1456 2735 didimus,
1508 2674 1687 2725 bellum
1728 2674 1852 2724 Tur-

175 2747 333 2790 cicum
382 2739 607 2794 CAROLO
662 2741 961 2807 Imperatore
1011 2741 1198 2805 gestum
1248 2739 1341 2792 effe
1377 2777 1393 2804 ,
1442 2759 1580 2793 antea
1641 2758 1847 2792 tantum-

176 2809 326 2860 modo
375 2807 618 2875 repulsum
671 2842 683 2855 .
754 2809 1006 2875 Equidem
1068 2828 1179 2860 cum
1241 2812 1591 2860 Ottomanicos
1640 2816 1850 2876 impetus

175 2894 425 2944 totamque
475 2874 646 2930 Asiam
697 2883 948 2944 copiarum
999 2878 1315 2931 multitudine
1363 2876 1746 2930 effervescentem
1800 2887 1845 2929 in

945 2951 958 2997 i
1024 2968 1047 2997 z
1626 2947 1778 2999 Euro-
