2389 3408
1081 293 1470 363 (XLIV)

440 401 620 466 Belgio
653 406 700 455 δέ
741 405 920 474 ubique
957 417 1193 457 terrarum
1231 403 1428 472 vestigia
1465 402 1681 476 persequi
1721 404 1895 456 velim.
1932 407 2112 473 Quam·

441 487 587 537 quam
624 475 756 536 quod
795 473 1022 526 illustrius
1068 475 1353 540 Religionis
1401 475 1673 527 Catholicae
1721 475 1909 537 decuS,
1963 494 2112 544 quam

436 544 687 613 CAROLUS
724 539 819 611 ipse
845 576 862 605 ,
900 549 983 612 qui
1021 559 1153 595 totus
1177 578 1194 606 ,
1230 560 1438 613 quantus
1473 562 1681 612 quantus
1713 561 1814 595 erat
1842 580 1859 606 ‚
1896 545 1958 596 ad
1985 546 2114 598 illius

439 598 702 673 Psaesldfflffl
726 645 742 673 ‚
780 618 830 666 δε
866 631 1090 664 normam
1129 630 1264 664 natus
1291 647 1308 675 ,
1345 611 1501 665 factus
1527 648 1542 675 ‚
1580 621 1628 667 &
1667 615 1887 666 excultus
1923 615 2115 666 videba-

437 690 512 724 tur
539 706 549 716 ·
599 673 805 739 Qoties
854 687 1056 749 privatis
1103 681 1359 751 colloquiis
1393 689 1441 735 &
1479 681 1772 735 sermonibus
1811 690 1930 734 mira
1969 681 2114 735 facili-

441 758 536 792 tate
571 747 620 794 &
658 745 854 800 lenitate
891 769 1004 801 cum
1043 749 1270 801 baereticis
1303 752 1575 816 congressus
1609 752 1715 803 est?
1770 753 2028 820 Quodque
2064 758 2111 802 in

443 817 552 860 Viris
589 818 891 887 principibus
931 815 1206 870 inusitatum
1236 853 1252 881 ,
1288 821 1493 872 callebat
1534 822 1776 889 quidquid
1814 820 1948 889 super
1982 841 2037 872 ea
2063 840 2111 873 re

440 878 514 930 Vel
552 879 812 940 hominum
849 886 1240 940 dodliffimorum
1276 889 1603 942 controversiis
1651 897 1866 956 agitatur
1889 927 1901 937 .
1949 891 2111 941 Sacro-

441 978 545 1013 rum
584 956 861 1009 Bibliorum
898 963 1075 1024 peritus
1111 957 1496 1021 demonstrabat,
1532 978 1678 1028 quam
1717 966 1920 1026 turpiter
1943 958 2110 1012 iisdem

445 1030 790 1088 abuterentur,
838 1034 1019 1094 peritus
1056 1025 1393 1092 mysteriorum
1421 1061 1439 1091 ,
1485 1027 1663 1096 quibus
1711 1028 1921 1094 Religio
1965 1034 2112 1079 conti·

440 1115 577 1151 netur
601 1131 619 1160 ,
669 1101 848 1163 peritus
894 1094 1124 1146 doctrinae
1159 1114 1350 1148 morum
1386 1097 1451 1148 ad
1489 1097 1673 1149 Christi
1712 1097 1839 1163 leges
1889 1097 2070 1149 exaCtae
2094 1131 2111 1158 ‚

443 1184 592 1236 quam
640 1163 876 1229 flagitiose
924 1163 986 1214 ab
1035 1163 1241 1232 utrisque
1289 1164 1587 1218 desciscerent
1615 1200 1633 1228 ‚
1681 1165 1996 1218 ostendebat.
2059 1167 2109 1216 Si

447 1243 529 1306 qui
579 1249 741 1285 autem
788 1249 963 1294 erant,
1014 1238 1097 1300 qui
1147 1253 1240 1285 non
1291 1233 1483 1286 obscure
1529 1236 1904 1287 Catholicorum
1956 1251 2112 1302 partes

445 1303 756 1372 respee'tarent
787 1334 804 1361 ,
843 1317 894 1352 ut
930 1319 1013 1351 eos
1048 1308 1179 1351 omni
1218 1302 1555 1357 benevolentiae
1589 1323 1644 1355 ac
1682 1304 1943 1355 voluntatis
1979 1301 2112 1368 figni-

454 1376 669 1425 ucatione
705 1369 1163 1437 complectebatur?
1213 1373 1306 1421 Sua
1345 1373 1545 1439 putabat
1583 1371 1797 1423 interesse
1823 1407 1842 1432 ‚
1889 1389 1940 1423 ut
1989 1390 2111 1422 erro-

447 1461 547 1495 rem
595 1441 926 1507 deponerent,
974 1446 1022 1490 ὗε
1075 1446 1193 1490 inter
1241 1441 1490 1508 pluritna,
1540 1441 1713 1510 quibus
1759 1441 2110 1501 distinebatur,

443 1508 812 1578 gravissimaque
851 1514 1042 1572 negotia
1067 1541 1083 1570 ‚
1122 1507 1247 1559 istud
1284 1514 1336 1559 in·
1367 1511 1630 1578 voluptatis
1669 1516 1900 1577 praecipua
1941 1526 2110 1577 parte,

443 1598 587 1649 atque
625 1573 771 1628 officii
809 1576 1040 1643 ponebat.
1077 1577 1241 1642 Qam
1279 1579 1458 1629 multos
1493 1585 1621 1629 enim
1661 1597 1775 1629 veto
1809 1581 1885 1629 his
1922 1579 2019 1629 illic
2055 1584 2112 1628 iis

444 1652 507 1701 ad
548 1644 766 1697 Ecclefiae
799 1644 946 1696 castra
985 1653 1228 1696 revocavit
1255 1680 1270 1707 ,
1317 1664 1527 1713 quorum
1578 1655 1771 1698 nomina
1809 1646 2107 1712 singulorum

442 1728 493 1769 ,in
528 1716 697 1767 album
746 1712 947 1775 referri,
995 1733 1049 1764 ac
1098 1714 1182 1764 fibi
1227 1714 1444 1766 exhiberi
1491 1715 1729 1778 jubebat?
1779 1719 1951 1782 Atque
1998 1734 2111 1766 eam

450 1783 676 1856 ipsamob
710 1780 899 1836 causam
937 1781 1216 1847 Religiosos
1252 1784 1464 1836 Ordines
1488 1818 1505 1846 ,
1541 1790 1625 1853 qui
1663 1790 1709 1833 in
1747 1799 1931 1850 partem
1971 1782 2111 1845 hujus

443 1858 618 1920 Regiae
653 1858 703 1905 &
740 1850 1058 1903 Sacerdotalis
1091 1869 1209 1902 curae
1243 1857 1402 1903 venire
1438 1867 1656 1922 poterant
1681 1885 1698 1913 ,
1735 1858 1971 1920 praecipuo
1996 1870 2111 1919 quo·

441 1926 559 1976 dam
599 1929 645 1972 in
682 1921 861 1972 honore
899 1920 1099 1972 habuit.
1139 1920 1274 1972 Cum
1313 1939 1426 1973 vero
1475 1928 1522 1974 in
1563 1920 2108 1986 ReligiosisOrdinibus

445 2010 595 2046 unum
632 1994 846 2058 aliquem
881 1987 976 2040 effe
1012 1989 1417 2041 animadverteret
1441 2025 1460 2054 ,
1497 1997 1582 2059 qui
1618 1995 1815 2042 auderet
1854 1990 1895 2040 se
1921 2023 1936 2052 ‚
1973 1995 2022 2042 &
2047 1990 2108 2039 la-

446 2065 595 2114 lutem
632 2057 763 2110 suam
801 2066 846 2109 in
883 2056 1133 2109 discrimen
1168 2055 1339 2109 offerre
1378 2079 1464 2126 pro
1501 2062 1621 2113 statu
1673 2062 1872 2126 Imperii
1921 2057 2106 2109 Catho-

449 2132 526 2181 lici
551 2163 567 2190 ,
605 2135 652 2180 &
691 2145 779 2195 pro
812 2133 1058 2178 communi
1101 2127 1403 2191 Religione3
1450 2141 1532 2197 qui
1570 2127 1870 2194 gravioribus
1906 2127 2108 2194 proinde

446 2198 657 2250 hostium
694 2196 800 2246 telis
836 2195 1056 2257 objeaus
1088 2194 1244 2255 effet3
1281 2214 1429 2264 quem
1465 2205 1510 2249 in
1549 2205 1604 2249 iis
1642 2198 1756 2247 locis
1783 2229 1799 2257 ,
1849 2202 1895 2246 in
1933 2195 2109 2264 quibus

449 2264 651 2319 Haeresis
688 2283 845 2315 rerum
884 2271 1147 2331 potiretur,
1187 2265 1446 2333 palamque
1493 2283 1677 2319 armata
1716 2264 1936 2315 volitaret
1965 2299 1980 2325 5
2033 2283 2107 2315 ve-

450 2342 548 2387 xari
587 2340 793 2398 graviter
818 2366 834 2394 ‚
882 2340 929 2385 &
978 2330 1102 2383 felici
1153 2331 1294 2400 ipsius
1341 2333 1441 2386 fato
1476 2335 1748 2389 conflid'tari
1785 2334 2108 2401 deprehende·

448 2420 518 2455 ret
543 2437 558 2465 ‚
598 2404 722 2452 h-unc
759 2407 936 2462 majore
972 2402 1190 2470 quodam
1231 2401 1386 2455 studio
1424 2403 1676 2456 CAROLUS
1699 2404 1981 2470 complexus
2008 2400 2106 2460 est,

450 2474 577 2524 hunc
613 2477 734 2521 tueri
773 2469 1020 2537 praesertim
1057 2490 1111 2521 ac
1147 2487 1306 2537 tegere
1355 2471 1521 2523 institit
1547 2505 1558 2515 ·
1613 2471 1865 2539 Impedior
1915 2471 2107 2523 nonnul-

454 2544 545 2593 lius
580 2536 728 2590 officii
755 2573 771 2600 ‚
820 2556 870 2588 ut
905 2559 999 2602 ego
1053 2546 1332 2608 interpretor
1356 2577 1372 2606 ,
1425 2539 1653 2604 religione
1677 2573 1695 2602 ‚
1741 2545 1998 2609 quominus
2047 2553 2106 2588 ex.

451 2628 627 2677 ponam
657 2641 674 2669 ,
734 2606 907 2675 quibus
952 2608 1191 2660 laboribus
1240 2627 1327 2677 pro
1375 2630 1422 2663 re
1470 2607 1730 2660 Catholica
1782 2609 1995 2676 praeclare
2041 2605 2105 2658 su-

453 2679 618 2747 sceptis
643 2711 660 2738 ,
694 2680 936 2728 adnitente
974 2676 1223 2743 praesertim
1261 2679 1486 2728 CAROLo
1511 2710 1527 2739 ‚
1578 2674 1823 2744 perfuncta
1861 2676 1915 2729 fit
1954 2679 2105 2727 Socie=

454 2766 526 2799 tas
575 2747 710 2810 Iesu.
763 2746 881 2797 Hoc
927 2761 1114 2796 tantum
1153 2747 1359 2803 dicam,
1410 2742 1499 2796 bac
1550 2748 1768 2798 mercede
1831 2747 1964 2798 illam
2009 2746 2103 2811 pla·

452 2814 596 2867 cuiffe
634 2811 804 2865 Caesari
831 2848 846 2875 ,
884 2831 1029 2879 quam
1072 2815 1251 2883 semper
1292 2821 1336 2865 in
1374 2815 1524 2866 oculis
1555 2812 1780 2877 -ferebat3
1817 2834 1900 2867 nec
1937 2815 2102 2863 leviori

1940 2898 2035 2947 pre·
