2389 3408
1078 270 1389 340 (LVL)

393 382 514 435 test.
554 382 686 448 Qud
720 385 850 432 enim
887 380 955 431 illi
995 381 1226 435 hactenus
1261 385 1395 453 quod
1432 396 1623 450 optaret
1648 417 1664 447 ‚
1701 383 1946 455 reliquum
1987 382 2080 442 vel⁸

394 451 578 504 fortuna
603 483 620 511 ,
671 449 745 501 vel
783 456 930 501 virtus
965 448 1183 503 fecerat?
1231 455 1376 505 Fines
1425 460 1619 521 imperii
1656 453 1946 506 Germanici
2000 458 2068 507 ad

392 519 615 573 Moesiam
640 550 657 579 ,
704 524 754 572 δε
796 519 1006 571 Daciam
1032 554 1049 583 ‚
1095 519 1279 574 famam
1328 523 1392 575 ad
1430 521 1660 575 ultimum
1704 523 1852 593 usque
1890 523 2064 576 orbem

392 588 651 656 protulerat
678 622 689 635 .
729 586 1034 654 Experienda
1069 596 1170 652 Jam
1208 593 1283 642 vel
1322 590 1428 660 ipsis
1463 592 1827 645 calamitatibus
1858 625 1875 654 ,
1910 610 2068 661 quam

394 657 488 708 alte
535 654 795 707 constantia
833 657 1029 709 Caesaris
1065 666 1330 723 niteretur,
1379 661 1587 713 dolenda
1638 669 1806 731 utique
1868 658 2066 713 fortunae

391 724 550 777 nostrae
586 741 802 792 tempora
830 759 846 787 ‚
883 728 959 778 sed
997 728 1192 780 CaesariS
1227 729 1388 794 gloriae
1423 733 1714 798 expetenda.
1763 731 1912 797 Quod
1950 732 2061 784 licet

391 795 453 845 ad
490 793 739 860 vulgarem
776 796 1158 865 popularemque
1197 796 1381 850 sensum
1409 834 1425 862 ,
1464 806 1621 851 minus
1656 817 1781 853 certe
1819 802 1977 851 laetum
2014 806 2062 853 &

393 861 636 931 plaufibile
672 860 769 924 s1t3
819 880 980 917 tamen
1019 867 1113 917 hoc
1148 863 1343 919 affirmo
1369 902 1386 931 ,
1433 875 1482 921 <Sc
1530 888 1646 936 pace
1684 871 1952 921 inultorum
1991 869 2060 919 di-

391 951 527 994 cam,
564 930 747 984 nullam
782 931 916 984 suiffe
957 934 1150 997 laudem
1188 938 1508 1003 ampliorem,
1546 957 1695 1013 quam
1729 957 1872 1000 eam,
1910 956 2060 1006 quam

390 1009 613 1052 extremis
651 1000 770 1052 hisce
810 1004 1108 1071 temporibus
1168 1005 1422 1060 CAROLUS
1466 1009 1737 1061 consecutus
1783 1008 1887 1058 est.
1936 1009 2061 1058 Haec

390 1077 518 1121 enim
567 1071 652 1121 alti
700 1077 747 1123 &
795 1081 1071 1138 exaggerati
1120 1079 1270 1125 animi
1319 1073 1407 1124 dos
1455 1096 1510 1128 ac
1558 1077 1815 1145 praestantia
1844 1110 1859 1138 ,
1910 1093 2060 1144 quam

394 1139 614 1202 symbolo
651 1136 952 1207 praeferebat,
990 1159 1167 1210 quanta
1203 1159 1379 1212 quanta
1406 1145 1502 1208 est,
1540 1143 1695 1198 Caesar
1721 1162 1823 1197 tota
1854 1161 1934 1196 tua
1964 1143 2058 1195 est.

461 1209 698 1260 Occurrat
735 1215 897 1277 itaque
934 1210 1167 1278 paulisper
1203 1210 1340 1264 vobis
1376 1213 1591 1266 luctuosa
1629 1215 1709 1266 illa
1740 1233 1915 1283 paucos
1951 1230 2060 1264 ante

393 1295 539 1328 annos
578 1279 776 1345 Imperii
815 1278 1058 1330 Austriaci
1095 1278 1237 1332 facies
1261 1315 1277 1342 ,
1316 1280 1497 1335 bellum
1536 1284 1657 1336 illud
1694 1285 1835 1344 dico,
1873 1284 1933 1334 de
1961 1301 2061 1350 quo

397 1354 461 1396 ita
499 1343 861 1413 sapientiffimos
894 1348 1106 1418 quosque
1142 1348 1305 1400 sentire
1345 1353 1526 1414 vide0‚
1563 1354 1749 1404 nullum
1788 1370 1888 1404 tam
1928 1352 2060 1403 brevi

396 1421 627 1482 temporis
653 1415 806 1482 spatio
829 1448 846 1478 ,
884 1432 984 1468 tam
1010 1437 1155 1483 grave
1180 1438 1235 1470 ac
1259 1421 1574 1487 periculosum
1602 1430 1865 1473 excitatum
1896 1417 2061 1471 fuiffe.

392 1483 621 1551 Ecquam
648 1490 825 1551 putatis
852 1503 935 1552 per
960 1485 1096 1538 hosce
1119 1507 1266 1540 annos
1294 1491 1497 1558 Europae
1524 1507 1708 1559 partem
1726 1508 1944 1558 pacatam
1961 1486 2064 1540 fuis-

392 1548 434 1601 se
462 1557 478 1601 ?
527 1552 649 1617 Qis
674 1559 720 1602 in
747 1553 1144 1620 perturbatiffima
1170 1557 1251 1608 illa
1278 1574 1552 1627 temporum
1582 1560 1817 1628 procella,
1862 1563 2062 1627 Imperii

397 1618 594 1672 salutem
623 1641 715 1672 uon
740 1623 905 1690 aliquo
932 1621 1094 1676 saltem
1125 1623 1373 1692 naufragio
1397 1629 1607 1680 crederet
1636 1629 1916 1695 jasturaque
1945 1631 2062 1678 redi-

394 1690 668 1740 mendam?
707 1693 811 1742 Hic
851 1698 895 1741 in
938 1692 1022 1743 illo
1060 1693 1160 1761 ipso
1196 1696 1326 1747 malo
1360 1696 1730 1764 graviffimaque
1768 1697 1879 1747 belli
1917 1693 2062 1748 offen-

391 1755 515 1809 sione
554 1757 708 1809 Caesar
744 1778 890 1827 quam
927 1759 1048 1812 celso
1083 1768 1245 1815 animo
1281 1765 1539 1834 erectoque
1577 1773 1622 1816 in
1662 1764 1817 1817 hostes
1842 1798 1859 1826 ,
1908 1782 2059 1832 quam

391 1825 596 1878 demisso
622 1827 915 1897 supplicique
942 1836 987 1879 in
1016 1831 1186 1883 Deum
1211 1831 1369 1884 casum
1397 1834 1590 1887 illorum
1617 1850 1893 1902 temporum
1919 1833 2058 1884 tulit!

391 1895 696 1947 Audivimus
733 1896 900 1960 illurn,
938 1917 1028 1949 non
1056 1899 1234 1955 ducum
1269 1901 1490 1966 consilia,
1528 1923 1620 1955 non
1644 1901 1842 1954 fortunae
1869 1907 2057 1954 temeri-

390 1979 540 2014 tatem
558 1998 573 2026 ,
609 1963 686 2016 sed
724 1984 872 2018 unum
910 1965 950 2018 se
977 1969 1262 2023 incusantem
1288 1978 1507 2024 omnium
1535 1974 1785 2025 aut‘sslorem
1811 1971 2023 2024 cladium
2041 2003 2060 2032 ‚

394 2040 439 2083 iu
477 2052 622 2084 unum
659 2032 700 2084 se
737 2054 793 2085 ac
832 2037 1205 2102 Imperatorium
1241 2057 1386 2108 caput
1425 2060 1578 2108 poenas
1616 2039 1938 2108 reposcentem
1964 2073 1981 2103 ‚
2019 2037 2054 2090 fi

391 2101 544 2151 modo
572 2102 880 2169 repraesentari
909 2105 998 2156 hac
1022 2110 1297 2160 conditione
1322 2109 1443 2160 salus
1467 2110 1761 2178 populorum
1787 2108 1964 2178 poiset.
2005 2110 2057 2159 O

393 2170 707 2234 Augustale,
759 2175 808 2224 O
860 2179 1016 2224 intimi
1065 2182 1252 2243 penitus
1293 2180 1462 2243 Regiae
1509 2179 1765 2246 abditique
1804 2176 2002 2229 recessus
2037 2209 2057 2239 ‚

392 2244 536 2289 toties
573 2239 765 2290 Caesaris
803 2241 1027 2306 lacrymis
1062 2244 1315 2298 consecrati
1341 2280 1357 2308 ‚
1400 2247 1503 2298 Vos
1538 2245 1708 2298 conscii
1743 2264 1967 2299 curarum
1995 2252 2058 2296 iu·

394 2314 610 2372 gentium
638 2341 654 2368 ‚
692 2327 837 2376 quam
876 2309 987 2378 saepe
1025 2313 1098 2362 his
1125 2320 1250 2365 votis
1289 2314 1617 2381 personuistis!
1906 2359 1909 2363 ,

433 2375 595 2426 ‘Cum
645 2382 833 2429 interim
881 2380 1044 2431 divina
1096 2381 1176 2433 illa
1227 2402 1401 2446 mens,
1463 2403 1564 2452 quae
1610 2383 1740 2453 quasi
1793 2390 1840 2435 in
1887 2383 2057 2448 vigilia

398 2444 612 2511 quadam
650 2445 906 2497 laborantis
944 2450 1142 2517 Imperii
1179 2449 1361 2520 semper
1398 2452 1712 2520 permanserat
1741 2487 1758 2516 ,
1807 2471 1891 2504 nec
1941 2471 2055 2506 vero

397 2512 595 2584 usquam
634 2511 942 2578 discedebat,
992 2538 1073 2569 nec
1109 2539 1136 2570 a
1175 2521 1403 2572 CAROLO
1440 2522 1693 2584 dejiciebat
1750 2522 1914 2574 oculos
1941 2555 1957 2583 ‚
2009 2528 2056 2573 in

398 2582 608 2632 formam
645 2587 826 2634 intuens
862 2592 1035 2650 optimi
1091 2590 1361 2653 Principis,
1410 2609 1559 2659 quam
1615 2589 1814 2641 feliciter
1860 2597 1958 2654 jam
2007 2596 2054 2641 in

399 2651 483 2701 illo
509 2684 524 2711 ,
573 2666 645 2700 tot
681 2659 894 2702 :erumnis
929 2654 1212 2722 expresserat
1234 2688 1250 2714 ,
1301 2657 1382 2706 illa
1407 2693 1426 2721 ,
1476 2660 1555 2710 illa
1583 2693 1599 2720 ‚
1650 2666 1848 2727 inquam
1874 2693 1891 2722 ‚
1941 2664 2011 2710 vis
2026 2692 2053 2722 -,

397 2719 691 2785 Numenque
728 2721 946 2772 divinum
972 2756 988 2785 ‚
1025 2726 1160 2790 quod
1195 2724 1307 2792 saepe
1346 2728 1646 2779 incredibiles
1685 2728 1797 2779 huic
1838 2732 2053 2794 Imperio

400 2784 646 2839 felicitates
693 2804 835 2858 atque
884 2809 998 2858 opes
1047 2794 1209 2846 attulit
1240 2828 1259 2856 5
1306 2803 1454 2847 menti
1505 2795 2052 2911 Caesarisclariffitlnum

1943 2879 1989 2915 u-
