2446 3408
845 331 1233 401 (xxxi)

215 443 509 497 Hocstetum
551 449 595 493 in
635 441 902 494 Germania
928 469 953 508 ,-
989 446 1053 495 ad
1093 445 1363 496 Taurinum
1404 451 1448 496 in
1491 446 1631 497 Italia
1669 445 1828 497 vid'tus
1855 480 1870 509 ‚

215 514 446 580 fugatuS‚
496 512 657 564 castris
684 547 699 573 ,
752 518 938 575 armiS‚
988 517 1064 582 ipe
1101 531 1270 565 exutus
1310 533 1328 576 3
1382 515 1576 567 Austria
1605 550 1621 578 ‚
1674 533 1723 568 ut
1775 534 1876 567 om-

216 591 347 635 nium
375 619 390 647 ‚
432 591 494 634 ita
534 586 599 634 lui
642 601 789 650 prope
832 583 1005 633 victrix
1031 618 1048 644 ‚
1087 590 1264 651 vixque
1302 600 1438 635 tantae
1465 583 1660 637 fortunae
1695 593 1878 651 capien-

217 656 285 705 dae
312 672 395 722 par
424 671 441 714 3
481 654 735 708 CAROLUS
779 651 916 712 hujus
954 652 1125 703 audior
1178 652 1421 722 custosque
1457 654 1695 712 felicitatis
1731 651 1875 722 seipso

220 731 373 785 maior
411 728 454 771 in
492 723 626 772 dies.

290 794 468 859 Neque
507 809 619 842 vero
655 789 975 842 mediocribus
1011 791 1230 859 periculis
1268 808 1401 860 parta
1449 812 1476 843 a
1516 793 1742 849 CAROLO
1781 808 1877 842 tan-

218 880 268 913 ta
305 860 504 913 felicitas
541 860 631 911 fuit
658 896 668 905 ·
719 859 878 910 Testis
917 861 1203 911 Almanaria
1233 896 1248 923 ‚
1300 881 1401 930 quae
1452 863 1587 913 illum
1637 865 1875 913 admirata

220 932 286 983 est
320 937 474 999 prima
516 936 558 979 in
597 935 697 980 acie
748 948 829 996 per
876 930 1022 981 caedes
1073 931 1292 998 peditum
1341 938 1656 999 equitumque
1711 934 1878 981 vaden-

220 1018 319 1052 tem
359 999 439 1050 ubi
476 1006 628 1050 acrior
666 1017 824 1065 pugna
853 1032 869 1060 ,
909 999 1127 1067 morsque
1167 1001 1429 1068 praeientior
1456 1038 1466 1048 .
1534 1000 1673 1051 sestis
1710 1001 1773 1051 est
1812 1017 1880 1048 ce·

222 1070 471 1121 leberrima
512 1069 590 1118 illa
631 1087 786 1134 pugna
816 1102 831 1129 ,
882 1087 983 1136 quae
1016 1068 1227 1119 'hostium
1268 1077 1388 1120 vires
1424 1078 1611 1136 penitus
1647 1075 1831 1120 attrivit
1863 1100 1881 1130 ³

221 1141 286 1190 ad
327 1136 693 1202 Caelaraugustae
746 1144 958 1199 moenia,
1006 1143 1055 1189 &
1104 1144 1149 1187 in
1205 1137 1304 1206 ipso
1355 1158 1501 1205 prope
1549 1145 1729 1190 civium
1767 1156 1880 1188 con-

222 1207 384 1276 spesstu
421 1203 671 1257 commissa
700 1240 710 1250 ·
761 1207 941 1271 Quid?
988 1224 1098 1256 cum
1137 1204 1268 1271 signo
1317 1226 1483 1273 pugnae
1532 1208 1648 1258 dato
1674 1243 1689 1269 ‚
1742 1208 1881 1257 illum

223 1284 268 1327 in
308 1283 473 1343 primis
517 1273 763 1326 ordinibus
811 1273 1118 1342 conspicuum
1165 1292 1328 1326 exerto
1374 1276 1540 1341 gladio
1590 1276 1729 1340 longe
1780 1293 1881 1343 pro-

223 1363 406 1397 currere
431 1379 447 1405 ,
496 1364 589 1396 non
625 1351 809 1394 minore
848 1343 1056 1394 hostium
1083 1378 1100 1404 ,
1147 1362 1294 1411 quarn
1334 1342 1523 1396 suorum
1562 1347 1882 1413 trepidatione

223 1416 443 1466 viderunt
469 1447 485 1473 ‚
526 1412 791 1480 ignitosque
827 1429 1178 1463 tormentorum
1217 1413 1388 1478 globos
1423 1429 1530 1464 ante
1569 1415 1694 1466 illius
1731 1416 1876 1482 pedes

225 1485 400 1543 volvi,
447 1500 504 1532 ac
539 1498 746 1550 quatuor
782 1488 865 1549 qui
904 1482 1037 1531 lateri
1081 1484 1308 1549 Principis
1344 1480 1463 1533 forte
1500 1484 1694 1533 aderant
1721 1518 1737 1543 ,
1781 1487 1886 1549 *prb

224 1557 400 1604 marios
437 1551 578 1602 duces
617 1551 738 1601 idios
773 1548 1028 1601 concidisse
1063 1558 1303 1601 exanimes
1342 1556 1358 1601 ?
1408 1558 1617 1618 initoque
1654 1559 1751 1615 jam
1783 1567 1876 1601 cer-

229 1628 410 1674 tamine
436 1654 451 1680 ,
490 1639 599 1672 cum
636 1621 1039 1670 animadverteret
1076 1622 1337 1686 periculum
1374 1619 1467 1670 esse
1493 1654 1509 1681 ,
1557 1641 1612 1671 ne
1652 1640 1755 1688 pars
1788 1618 1873 1669 his-

226 1686 454 1759 paniensis
489 1696 732 1758 equitatus
780 1689 860 1740 sub
911 1696 1099 1739 initium
1150 1708 1315 1753 pugnae
1358 1690 1576 1739 locorum
1624 1696 1877 1756 viniquitate.

224 1758 478 1829 praepedita
506 1794 521 1822 ,
557 1765 606 1811 <Sc
645 1754 794 1808 ferreo
832 1776 999 1808 vexata
1040 1757 1207 1808 nimbo
1232 1792 1250 1820 3
1302 1760 1533 1809 laxaretur
1574 1761 1782 1809 <demum
1816 1776 1871 1808 ac

224 1826 455 1880 fatisceret
483 1861 498 1888 ‚
546 1827 744 1891 collegit
793 1827 865 1878 bis
912 1844 1075 1895 terque
1127 1828 1355 1878 mil1tares
1389 1846 1569 1878 turmas
1609 1834 1835 1880 inunum
1863 1860 1881 1889 ,

230 1915 378 1963 atque
418 1902 461 1944 in
517 1903 727 1964 primum
777 1915 952 1960 agmen
1002 1895 1221 1947 districio
1266 1900 1370 1947 enle
1411 1897 1664 1964 provolans
1700 1899 1875 1947 ducezn

230 1969 270 2018 le
308 1964 519 2027 disjectis
554 1965 800 2016 ordinibus
837 1965 1012 2015 obtulit
1064 1984 1154 2014 non
1205 1962 1344 2017 semel
1373 1969 1406 2024 ,⁴
1439 1982 1683 2016 nutantem
1731 1974 1885 2016 aciem

227 2036 439 2087 sustinuit
467 2066 482 2093 ,
519 2031 777 2102 effecitque
806 2051 855 2084 ut
884 2032 1026 2084 miles
1051 2034 1274 2101 exemplo
1301 2033 1513 2085 accensus
1540 2069 1555 2096 ‚
1593 2053 1736 2101 atque
1764 2035 1888 2084 adeo

229 2101 368 2155 insito
406 2110 450 2151 in
489 2100 591 2153 suos
636 2105 903 2169 PrincipeS,
941 2122 995 2152 ac
1025 2102 1216 2170 stirpem
1257 2103 1560 2155 Austriacam
1600 2104 1785 2164 studio,
1824 2106 1884 2152 de

231 2181 328 2225 vita
367 2171 533 2222 maliet
559 2207 576 2234 ‚
614 2192 760 2240 quam
799 2174 860 2222 de
900 2172 1095 2222 statione
1134 2172 1360 2223 decedere
1386 2209 1396 2219 .
1445 2173 1538 2223 Sed
1576 2173 1706 2240 quod
1738 2173 1886 2237 ¹longe

230 2241 451 2293 illustrius
484 2241 552 2291 est
578 2276 594 2304 ,
641 2261 734 2310 qua
785 2241 1015 2292 modestia
1046 2275 1061 2302 ‚
1109 2260 1203 2309 qua
1254 2249 1431 2309 pietate
1475 2238 1752 2295 ,fortiffimus
1796 2243 1886 2290 lm-

228 2327 419 2380 perator
445 2343 460 2369 ‚
511 2318 558 2362 &
598 2309 778 2370 juvenis
806 2345 821 2370 ,
867 2316 916 2362 δε
957 2316 1144 2360 virtutis
1180 2309 1263 2362 suae
1297 2309 1504 2362 conscius
1531 2344 1546 2371 ,
1593 2318 1641 2363 &
1679 2321 1724 2359 in
1761 2307 1884 2360 sensu

229 2387 428 2431 recentis
466 2379 676 2439 victoriae
703 2414 718 2440 ,
770 2378 1178 2443 Caesaraugustam
1228 2380 1567 2446 triumphantis
1617 2387 1659 2429 in
1701 2397 1887 2429 morem

227 2448 446 2500 invectus
480 2447 593 2498 est?
639 2454 715 2499 cui
766 2448 885 2498 nihil
935 2455 1178 2515 antiquius
1226 2447 1315 2499 fuit
1366 2455 1409 2498 in
1446 2466 1575 2499 tanta
1612 2449 1884 2503 celebritate

228 2515 404 2577 famae,
453 2535 600 2585 quam
639 2535 690 2568 ut
720 2550 736 2578 ,
784 2518 981 2567 militari
1029 2517 1189 2567 adhuc
1236 2517 1428 2585 pulvere
1466 2520 1704 2580 decorus,
1755 2517 1884 2567 recta

231 2587 295 2640 ad
335 2587 605 2654 Templum
647 2586 770 2637 illius
808 2587 936 2637 urbis
973 2593 1241 2637 maximum
1278 2588 1582 2638 contenderet
1609 2621 1624 2648 ,
1677 2587 1752 2638 ubi
1793 2604 1884 2635 non

231 2657 454 2707 humanis
493 2655 669 2706 viribus
718 2673 904 2722 partam
934 2689 950 2716 ,
994 2654 1076 2706 *sed
1123 2656 1241 2707 coelo
1289 2655 1531 2724 delapsam
1581 2656 1882 2715 vic³t0riam¹3

235 2726 352 2782 Deo
388 2721 651 2792 superisque
688 2725 1004 2790 gratularetur
1028 2760 1040 2770 .

305 2794 423 2850 Hac
470 2812 694 2860 perpetua
742 2791 969 2843 felicitate
1018 2792 1119 2844 usus
1168 2794 1454 2851 CAROLUSs
1505 2799 1720 2843 animum
1770 2810 1884 2842 mox

229 2863 407 2925 adjecit
444 2863 670 2930 pacandis
708 2859 1079 2930 dirimendisque
1117 2863 1344 2915 intestinis
1382 2860 1627 2931 Hispaniae
1653 2860 1881 2923 dissidiis„

1707 2949 1820 3001 quo-
