2389 3408
1037 301 1429 372 (XLVL)

404 425 680 477 caritatem,
717 414 1116 478 humanitatem,
1164 434 1218 466 ac
1269 415 1476 482 reliquas
1523 431 1690 466 omnes
1740 409 1824 466 libi
1873 415 2080 468 admini-

406 487 517 539 stras
585 485 737 536 habet
808 483 1099 552 comitesque
1177 490 1375 536 virtutes
1433 521 1443 531 .
1533 484 1854 536 Admonebat
1925 491 2089 551 itaque

405 558 676 606 CAROLUM
715 570 784 603 res
817 553 1114 615 Catholica,
1150 572 1307 604 arcem
1343 556 1570 621 Imperii,
1596 559 1877 605 commercii
1915 554 2091 622 opibus

408 618 618 690 praeclare
655 619 904 672 fundatam
942 622 1005 673 ad
1045 622 1422 689 propulsandum
1459 622 1656 690 posthac
1695 621 2091 690 inferendumque

407 687 585 741 bellum
626 690 918 752 Turcicum,
955 710 1047 741 non
1085 689 1236 742 solum
1275 692 1562 743 terrestrium
1610 698 1860 758 copiarum
1908 697 2091 758 magni-

409 759 605 816 tudine,
641 755 718 808 sed
756 766 887 809 omni
927 767 1075 810 etiam
1116 760 1272 810 navali
1322 778 1559 828 apparatu
1608 761 1765 812 multo
1820 759 2085 812 firmiorem

408 827 859 896 inih‘uc‘tioremque
896 827 989 880 effe
1027 845 1245 896 oportere
1272 866 1282 875 .
1338 832 1457 881 Hoc
1518 829 1752 880 intellexit
1791 832 2044 883 (IAROLUS
2069 862 2085 890 2

407 897 502 947 huc
538 911 666 946 totus
704 896 917 948 incubuit
944 934 956 945 .
1006 897 1176 961 Jandiu
1224 904 1352 948 enim
1379 899 1782 950 animadverterat
1820 899 2087 948 litusomne

411 962 726 1017 Austriacum
767 966 982 1033 pluribus
1019 965 1268 1018 introrsum
1307 966 1525 1019 aestuariis
1559 967 1799 1018 concisum
1829 1002 1843 1029 ,
1896 971 1942 1018 dc
1983 983 2087 1032 por·

409 1032 600 1085 tuosum
639 1032 768 1084 facili
808 1051 971 1102 patere
1007 1035 1220 1098 accessu,
1255 1056 1309 1087 ac
1346 1038 1546 1104 proinde
1583 1043 1831 1088 maritimo
1855 1053 2087 1086 commer-

410 1108 485 1153 cio
532 1109 751 1169 apprime
804 1104 1032 1156 idoneum
1082 1102 1216 1156 fore.
1268 1105 1404 1170 Ergo
1453 1107 1746 1173 populorum
1798 1104 2084 1156 felicitatem

409 1177 574 1222 animo
608 1176 657 1223 &
696 1171 772 1239 spe
809 1177 855 1222 in
903 1174 1005 1223 dies
1054 1180 1234 1235 majore
1281 1176 1603 1241 complexus,
1653 1180 1871 1239 geminos
1920 1190 2084 1241 portus

409 1246 454 1288 in
490 1238 703 1290 saucibus
744 1239 984 1291 Adriatici
1023 1239 1142 1292 finus
1166 1276 1182 1304 ,
1235 1243 1572 1307 Tergestinum
1611 1263 1757 1294 unum
1787 1278 1803 1303 ,
1858 1245 2083 1306 Regium

407 1309 642 1369 alterum,
680 1308 741 1358 ad
779 1316 997 1360 omnium
1037 1328 1192 1361 rerum
1230 1317 1422 1377 copiam
1463 1311 1786 1362 invehendam
1818 1346 1834 1372 ,
1885 1311 2084 1361 evehen-

408 1381 619 1444 damque
656 1382 846 1441 ingenio
883 1379 974 1429 loci
1013 1377 1214 1429 mirifice
1251 1382 1677 1441 accommodatos,
1717 1388 1850 1444 regio
1887 1378 2082 1446 sumptu

408 1465 500 1496 non
538 1445 689 1496 modo
725 1452 898 1497 miram
935 1453 982 1497 in
1029 1447 1403 1514 amplitudinem
1438 1449 1610 1499 extulit
1669 1455 1897 1516 auxitque
1931 1482 1947 1509 ,
1987 1465 2084 1514 qua

405 1514 637 1565 submotis
673 1520 808 1564 terris
838 1549 854 1578 ,
890 1534 985 1582 qua
1020 1514 1181 1566 excisis
1219 1516 1415 1583 rupibus
1440 1551 1456 1578 ,
1507 1516 1584 1568 sed
1618 1536 1674 1567 ea
1713 1516 1898 1585 insuper
1939 1522 2084 1578 maie·

407 1581 524 1632 state
573 1601 626 1632 ac
675 1580 824 1650 specie
872 1590 1161 1645 exornavit,
1211 1601 1262 1635 ut
1323 1584 1655 1636 remotisfimas
1703 1592 1920 1650 regiones
1972 1601 2080 1636 toto

404 1649 712 1701 maridivisas
746 1669 855 1702 cum
875 1651 1521 1720 Austriacilmperiifinibus
1546 1656 1769 1722 propead
1788 1654 2079 1705 miraculum
2137 1713 2141 1717 ,

404 1720 678 1770 sociaverit.
717 1721 939 1771 Praeterea
979 1737 1030 1772 ut
1066 1724 1278 1786 agendi,
1327 1723 1735 1789 contrahendique
1776 1729 1821 1772 in
1869 1729 1926 1771 iis
1977 1740 2085 1788 por-

404 1787 546 1839 tubus
583 1786 785 1854 potestas
821 1794 869 1841 &
917 1796 1098 1856 copia,
1147 1806 1324 1858 quanta
1375 1796 1589 1842 maxima
1639 1791 1837 1841 advenis
1902 1788 2033 1841 fieret
2063 1824 2080 1853 ,

405 1863 651 1923 portorio,
689 1857 924 1920 decuma,
958 1857 1215 1926 scriptura,
1252 1857 1535 1928 reliquisque
1564 1859 1612 1909 id
1644 1878 1792 1923 genus
1830 1858 2080 1923 vectigali·

406 1926 493 1976 bus
532 1931 769 1976 immunes
802 1924 896 1977 effe
932 1925 1080 1986 juffit.
1123 1929 1292 1995 Atque
1320 1945 1372 1978 ut
1401 1947 1455 1978 ne
1494 1934 1768 1996 importatis
1806 1927 1866 1978 ab
1904 1928 2075 1978 Orien-

405 2011 452 2044 te
501 1993 734 2045 mercibus
780 1992 899 2047 salus
947 1996 1137 2064 publica
1188 1997 1572 2063 periclitaretur,
1623 2002 1832 2061 ingentia
1897 1996 2078 2063 ubique

406 2063 603 2113 claustra
661 2070 890 2114 excitavit
938 2098 953 2125 ,
1036 2066 1328 2131 excipiendis
1389 2064 1736 2132 lustrandisque
1798 2065 2033 2116 mercibus
2058 2098 2077 2128 ,

407 2149 693 2198 quaecunque
732 2138 852 2181 mari
882 2133 1163 2195 veherentur
1184 2169 1196 2180 .
1247 2134 1409 2197 Quam
1427 2134 1557 2185 brevi
1590 2136 1756 2185 incolis
1784 2136 2075 2201 adveniique

408 2199 634 2250 celebrari
670 2213 814 2265 caepta
851 2199 918 2250 est
956 2202 1063 2251 urbs
1102 2203 1273 2251 Portus
1312 2204 1509 2267 Regii,
1561 2221 1662 2270 quae
1698 2222 1818 2253 nunc
1857 2203 2077 2269 praeclara

407 2268 469 2317 ad
506 2265 781 2334 aspectum,
819 2266 1029 2319 aedificiis
1066 2269 1404 2337 apothecisque
1440 2271 1714 2322 admodum
1752 2270 1998 2338 frequens,
2026 2277 2075 2321 in

407 2334 601 2385 aestuarii
651 2335 824 2386 ostium
873 2338 1160 2404 aditumque
1210 2339 1423 2404 projecta
1461 2339 1569 2401 est,
1622 2347 1851 2407 omnique
1887 2337 1980 2390 fere
2016 2357 2076 2390 ex

406 2420 542 2470 parte
580 2404 774 2454 alluitur
810 2411 953 2456 mari!
994 2407 1128 2471 Quid
1155 2405 1315 2457 dicam
1342 2407 1403 2458 de
1441 2408 1560 2459 urbe·
1596 2415 1842 2459 maritima
1868 2409 2074 2471 S-Viti,

411 2490 512 2538 quae
549 2479 593 2522 in
633 2469 803 2522 finibus
841 2473 1100 2525 Austriacae
1139 2474 1280 2525 lssriae
1305 2510 1321 2537 ,
1370 2482 1418 2528 &
1458 2477 1698 2528 Carniolae
1722 2511 1738 2539 ,
1788 2475 1905 2527 smui
1953 2476 2073 2527 Car-

407 2546 542 2590 nario
578 2539 801 2601 obiecta,
836 2548 882 2593 &
920 2560 1013 2609 qua
1052 2540 1172 2594 smus
1223 2545 1473 2596 introrsum
1524 2546 1734 2607 recedit,
1773 2560 1915 2613 portu
1948 2544 2074 2606 justae

407 2606 556 2658 classis
590 2614 783 2675 capaci,
832 2625 1031 2676 tutoque
1065 2611 1321 2674 instructa,
1358 2632 1458 2680 quo
1493 2631 1686 2682 propter
1721 2614 1813 2667 loci
1849 2628 2074 2681 opportu-
2128 2636 2132 2647 ·

408 2683 649 2737 nitatem,
699 2678 1055 2739 Smyrnarum,
1103 2680 1405 2749 aliarumque
1466 2683 1722 2735 insularum
1782 2687 2073 2736 commercia

415 2760 719 2807 commeant,
758 2752 802 2795 in
838 2764 946 2797 eam
982 2747 1312 2799 celebritatem
1348 2749 1574 2802 addudta.
1600 2753 1668 2803 est
1692 2786 1708 2814 ,
1744 2766 1796 2802 ut
1832 2752 1895 2801 ad
1939 2757 2070 2814 regia

411 2812 669 2877 vectigalia
709 2834 798 2865 non
836 2815 1091 2866 mediocris
1127 2815 1321 2868 accessio
1369 2816 1495 2870 [ἃᾶ-ει
1547 2817 1644 2870 lit?
1694 2820 1954 2933 Equidems
1990 2818 2071 2868 illa

1877 2902 1925 2951 lp
1947 2903 1968 2935 a
1986 2919 2001 2947 ,
