2389 3408
850 345 1269 415 (XLIIL)

217 463 302 513 Ac
340 479 395 511 ne
432 458 642 512 infinitus
677 455 763 508 fim
789 489 805 520 ,
853 477 1002 510 unum
1038 477 1128 526 prae
1162 463 1329 511 ceteriS
1363 454 1509 525 seligo
1565 462 1613 509 in
1661 456 1747 511 illo
1781 460 1881 511 Re-

219 529 414 594 ligionis
450 528 702 581 domicilio
748 545 803 577 ac
851 526 966 578 urbe
1014 534 1224 596 principe
1272 528 1552 581 dedicatum
1601 547 1879 580 monumem

224 613 328 650 tum
355 632 373 660 ‚
420 616 478 651 ex
524 616 623 664 quo
659 596 718 647 de
756 598 949 663 reliquis
985 594 1120 646 facile
1167 597 1492 659 conJeeaeuram
1541 615 1707 666 capere
1743 594 1875 666 poffi-

224 675 283 718 tis
309 704 320 715 .
371 666 620 718 Gliscebat
667 684 791 714 anno
839 664 978 726 hujus
1014 663 1159 716 saeculi
1197 672 1338 717 tertio
1374 665 1508 734 supra
1546 667 1790 719 decimum
1827 668 1878 716 In

216 736 416 789 Aus’tria
433 735 560 798 lues,
598 732 917 800 manabatque
946 734 1127 784 malum
1155 735 1372 803 quotidie
1402 737 1566 788 latius·
1593 738 1876 796 CAROLU82

220 812 303 872 qui
341 812 385 855 in
421 823 563 855 omne
598 801 830 866 eJusmodi
865 808 1164 866 contagionis
1208 804 1472 871 periculum
1498 804 1762 856 excubabat
1784 809 1879 854 ani-

221 892 346 936 mo,
394 873 656 938 angebatur
692 875 872 922 intimis
909 869 1149 933 sensibus5
1204 879 1385 940 quippe
1434 881 1512 925 cui
1567 874 1683 925 salus
1730 871 1884 923 homi·

218 960 374 1004 num,
420 960 475 992 ac
524 947 752 1009 praecipue
801 940 1111 1006 popularium
1149 940 1339 992 suorum
1378 960 1478 994 erat
1525 938 1874 1010 antiquiffima-

213 1012 354 1076 Ergo
389 1026 440 1061 ut
477 1008 719 1062 infinitum
758 1008 942 1059 malurn
979 1009 1040 1060 ab
1078 1010 1192 1061 urbe
1228 1024 1462 1062 averteret
1487 1045 1504 1073 ,
1555 1014 1686 1080 quod
1740 1006 1878 1060 finiti-

216 1085 309 1130 miS
345 1079 617 1143 regionibus
666 1076 938 1131 vastitatem
987 1095 1135 1146 prope
1182 1084 1280 1140 Jam
1331 1081 1603 1142 intulerat,
1648 1078 1882 1132 coelestem

215 1165 359 1215 opem
411 1148 666 1216 implorare
717 1145 995 1215 superosque
1047 1154 1305 1215 propitiare
1353 1149 1600 1200 decrevit.
1661 1149 1875 1214 Qamo-

218 1216 355 1268 brem
402 1223 565 1268 votiva
601 1223 820 1268 omnium
858 1216 1104 1267 Ordinum
1154 1216 1495 1282 supplicatione
1545 1217 1734 1267 indicta
1762 1250 1777 1275 ,
1826 1222 1875 1266 in

213 1305 308 1352 qua
352 1285 494 1335 Divae
533 1287 748 1349 Virginis
786 1281 1075 1335 Potschenfis
1110 1281 1295 1348 effigies
1320 1317 1335 1344 ,
1374 1291 1422 1338 δε
1459 1288 1505 1335 S.
1544 1287 1711 1337 Caroli
1750 1284 1880 1335 sacrae

212 1360 392 1404 exuviae
436 1351 892 1414 circumferrentur,
943 1351 1167 1418 Augusta
1216 1359 1457 1418 conjuge,
1508 1354 1738 1422 Aulaque
1775 1370 1879 1405 tota

215 1421 556 1474 comitantibus
579 1457 596 1484 ‚
645 1422 934 1489 lustrataque
968 1421 1113 1482 urbe,
1166 1419 1320 1472 Caesar
1370 1428 1416 1472 in
1456 1421 1658 1474 Basilica
1696 1425 1742 1473 S.
1780 1423 1880 1474 Ste-

213 1490 361 1557 phani
398 1488 525 1541 sacro
563 1488 764 1542 refectus
798 1489 987 1557 cpuIO,
1035 1489 1275 1557 templum
1329 1491 1469 1542 Divo
1514 1492 1699 1542 Carolo
1748 1490 1879 1542 dedi-

209 1574 428 1610 caturum
464 1557 506 1609 se
546 1559 705 1625 palam
744 1566 880 1611 vovit
904 1591 922 1620 ‚
971 1555 1003 1609 fi
1053 1558 1206 1609 modo
1257 1558 1491 1610 laboranti
1532 1560 1736 1613 Austriae
1772 1578 1878 1627 prae-

211 1626 326 1678 senti
364 1646 455 1693 ope
490 1627 669 1680 adeffet
695 1665 706 1675 .
756 1629 904 1695 Qod
955 1624 1160 1692 religiofi
1208 1634 1356 1678 animi
1397 1629 1680 1697 obsequium
1718 1646 1878 1680 ratum

212 1712 559 1763 acceptumque
597 1699 643 1746 S.
683 1697 891 1748 Carolus
928 1698 1118 1748 videtur
1154 1695 1412 1757 habuiffe5
1465 1717 1576 1748 nam
1626 1704 1726 1751 voti
1766 1715 1883 1749 mox

211 1783 413 1831 compos
450 1764 606 1816 ladius
632 1798 647 1826 ‚
686 1765 748 1816 ob
784 1772 911 1817 cives
947 1783 973 1815 a
1014 1764 1139 1832 peste
1176 1764 1380 1816 servatos
1414 1774 1623 1833 primum
1662 1767 1877 1834 lapidem

209 1834 366 1884 Caelar
402 1835 556 1898 posuit
580 1867 595 1894 ‚
632 1852 686 1884 ac
724 1834 854 1884 brevi
891 1834 1130 1902 templum
1168 1840 1300 1885 omni
1337 1852 1570 1902 apparatu
1606 1851 1873 1904 ornatuque

209 1900 459 1952 vilendum
497 1903 558 1953 ad
596 1902 781 1953 tedium
832 1900 1171 1969 fastigiumque
1220 1902 1480 1969 perduxit,
1529 1905 1662 1972 quod
1712 1910 1761 1956 &
1809 1902 1873 1956 so-

209 1970 357 2020 lemni
405 1975 537 2031 ritu‚
585 1976 633 2022 δε
681 1968 921 2038 exquifitis
967 1976 1251 2022 caerimoniis
1311 1972 1522 2023 dedicari
1569 1972 1730 2035 juffit.
1793 1974 1876 2024 Su-

209 2039 435 2089 beuntern
485 2038 772 2105 amplissima
823 2044 1032 2107 porticus
1079 2046 1300 2106 excipit,
1361 2060 1504 2108 opere
1553 2042 1864 2105 Corinthio,

208 2113 341 2168 cujus
376 2103 579 2158 frontem
620 2108 786 2159 litteris
823 2109 1082 2170 majoribus
1118 2115 1240 2158 aereis
1290 2107 1652 2163 inscribendam-
1682 2118 1869 2163 curavit

212 2181 258 2224 in
308 2175 402 2225 haec
452 2176 593 2227 verba
619 2211 632 2223 .
695 2178 819 2228 Vota
867 2196 968 2227 mea
1016 2178 1203 2227 reddam
1251 2182 1298 2227 in
1347 2178 1568 2245 conspeilu
1614 2185 1868 2230 timentium

210 2244 403 2294 Deum·
457 2246 591 2296 Hinc
616 2279 632 2306 ‚
681 2262 825 2314 atque
864 2247 974 2297 hinc
1009 2252 1208 2312 geminae
1247 2246 1441 2314 praealtae
1477 2265 1626 2300 turres
1663 2250 1733 2300 D.
1773 2249 1867 2300 Ca·

210 2312 300 2361 roli
338 2317 566 2364 miracula
605 2310 762 2381 resque
802 2316 1015 2382 praeclare
1051 2313 1204 2380 gestas
1238 2317 1458 2368 coelatura
1498 2315 1758 2382 magnifica
1793 2336 1868 2368 ex-

211 2380 377 2431 hibent
402 2418 412 2427 .
454 2382 652 2449 Templi
688 2384 897 2435 ambitus
921 2418 937 2446 ,
974 2383 1215 2451 molesque
1253 2385 1380 2435 vasta
1407 2419 1423 2445 ‚
1459 2390 1507 2437 &
1545 2386 1741 2437 Caesaris
1767 2405 1869 2438 mu-

211 2446 459 2500 nificentiae
494 2468 609 2517 par,
646 2451 850 2518 supellex
887 2459 1015 2517 regia
1042 2486 1058 2514 ,
1108 2471 1196 2502 arae
1229 2456 1620 2520 apparatiffimae‚
1660 2462 1867 2522 parietes

210 2524 398 2568 miniati
445 2527 600 2586 operis
651 2520 850 2587 pit‘Jturis
894 2521 1141 2573 convestiti
1169 2555 1186 2583 ‚
1235 2522 1399 2589 ampla
1450 2523 1811 2575 intercolumnia
1848 2557 1867 2585 ,

211 2585 454 2650 stylobatae
478 2621 494 2647 ‚
532 2595 578 2640 ὅ(
615 2590 823 2656 capitula
860 2610 885 2640 e
921 2589 1073 2641 solido
1109 2608 1191 2640 aere
1228 2588 1434 2642 conflata
1463 2626 1478 2653 ,
1528 2599 1577 2647 &
1611 2593 1863 2644 incrustata

209 2673 326 2706 auro
349 2687 365 2715 ,
401 2673 542 2721 opere
578 2658 848 2709 admodum
886 2656 1184 2727 sumptuoso.
1224 2660 1367 2710 AEdis
1402 2679 1524 2728 apex
1563 2668 1608 2711 in
1634 2660 1864 2715 fornicem

210 2723 378 2774 definit
413 2724 537 2776 adeo
574 2730 617 2774 in
653 2725 852 2778 sublime
891 2728 1196 2796 porred'tum,
1236 2744 1287 2779 ut
1315 2729 1507 2797 reliquis
1550 2731 1742 2781 Viennae
1770 2748 1869 2780 mo-

209 2793 331 2844 libus
370 2789 507 2843 facile
542 2799 750 2845 emineat
780 2832 790 2841 .

276 2868 351 2916 At
400 2861 502 2913 dies
536 2880 627 2919 rme
676 2862 909 2927 deficiat,
958 2858 989 2910 fi
1041 2866 1299 2918 Austriacae
1348 2872 1539 2934 pietatis
1589 2872 1634 2916 in
1675 2865 1859 2927 Italia,

1038 2953 1067 2999 g,
1109 2954 1136 2987 2
1693 2934 1803 2985 Bel-
