2389 3408
959 339 1220 411 (LV.)

245 451 417 507 striacae
453 452 607 522 stirpis
640 470 837 519 germen
876 451 997 506 illud
1034 458 1229 504 unicum
1254 485 1270 515 ‚
1318 466 1392 504 tot
1430 457 1742 522 impetratum
1779 460 1906 507 votis

243 530 294 573 in
328 520 487 575 funere
515 523 760 592 Leopoldi
785 520 1073 584 concidisse,
1106 520 1338 574 exaruisse
1363 520 1721 590 prospeximu53
1756 543 1905 593 quem

236 592 420 645 scilicet
458 592 549 643 hac
584 593 689 657 lege
727 592 1031 659 permiserant
1068 593 1281 658 Superi,
1330 607 1383 643 ut
1427 589 1528 643 sero
1561 593 1731 645 darent
1753 628 1772 656 ,
1819 599 1906 644 eri-

245 676 412 732 perent
447 667 570 717 cito.
608 663 758 713 Hanc
794 661 1020 714 CAROLO
1054 659 1250 711 brevem
1276 657 1516 711 felicitatis
1549 660 1736 714 usuram
1772 663 1909 714 idem

245 748 398 783 annus
444 730 652 793 attulit,
702 730 832 780 idem
878 728 1101 779 ademit.
1164 729 1286 794 Qis
1333 744 1439 780 tum
1485 750 1578 782 non
1625 736 1908 797 ingemuit?

247 801 372 866 Qis
409 818 502 850 non
536 796 644 850 arfit
681 798 893 850 dolore?
941 801 1018 848 At
1065 797 1319 853 CAROLUS
1363 816 1513 866 quam
1550 819 1642 852 non
1677 801 1865 862 abiedlze
1890 833 1911 862 ,

245 886 396 938 quam
432 873 630 920 omnino
666 867 904 928 modice3
953 870 1224 918 immovero
1272 883 1450 933 quanta
1501 874 1690 936 pietatis
1738 867 1915 935 fignifi«

244 943 434 989 catione
468 934 627 989 casum
666 936 804 988 illum
839 936 986 988 tulit!
1025 937 1124 987 Rei
1162 936 1335 986 divinae
1371 942 1622 999 intererat,
1659 957 1771 990 cum
1796 957 1909 990 eece

245 1006 462 1074 trepidus
498 1011 692 1059 nuncius
740 1012 787 1056 in
830 1023 998 1057 aurem
1047 1002 1356 1066 insuffurrat,
1420 1006 1736 1074 Leopoldum
1787 1026 1911 1059 mor-

246 1091 346 1127 tem
385 1073 594 1137 obiisse,
638 1093 701 1126 eo
735 1075 918 1143 pund'ro
965 1080 1233 1142 temporis.
1284 1073 1493 1126 Perstitit
1540 1078 1793 1144 paululum
1838 1073 1906 1128 sui

248 1143 414 1195 similis
452 1142 607 1195 Caesar
641 1144 817 1196 eodem
855 1142 992 1196 vultu
1029 1143 1296 1212 habituque
1322 1178 1334 1192 .
1385 1144 1518 1195 Tum
1559 1144 1760 1197 fortibus
1795 1164 1907 1196 ocu-

248 1213 309 1264 lis
344 1213 514 1265 coelum
551 1219 777 1276 intuens3
821 1212 932 1264 bene
963 1213 1027 1277 est
1051 1246 1068 1275 ,
1117 1218 1272 1280 inquit
1298 1245 1315 1272 ,
1353 1211 1579 1263 Dominus
1613 1215 1769 1276 dedit,
1809 1215 1904 1264 Do-

248 1287 396 1332 minus
432 1280 618 1345 abstulit
645 1315 662 1343 ,
714 1285 768 1344 lit
817 1301 972 1333 nomen
1018 1281 1210 1333 Domini
1255 1279 1535 1331 benedib't'um
1554 1317 1565 1329 .
1617 1284 1728 1334 Nee
1774 1281 1911 1350 plura

247 1347 422 1403 effatus
447 1384 464 1412 ‚
511 1350 648 1402 sacris
685 1349 921 1417 mysteriis
944 1384 964 1411 ,
1008 1365 1258 1417 coeptoque
1295 1347 1525 1401 sacrificio
1560 1370 1757 1420 operam
1796 1352 1911 1402 dare

248 1425 454 1488 perrexit
492 1417 688 1487 pristino
725 1425 916 1488 pietatis
938 1434 1126 1470 tenore.
1164 1420 1215 1470 O
1243 1419 1446 1483 Religio
1482 1419 1723 1474 CAROLl!
1760 1437 1908 1487 quam

242 1489 353 1540 altis
387 1494 587 1540 connixa
625 1488 863 1540 radicibus
888 1521 905 1549 ,
952 1493 1001 1541 &
1049 1485 1290 1556 progressa
1339 1486 1528 1552 longius
1564 1483 1658 1537 effe
1695 1488 1862 1541 debuit
1888 1524 1907 1551 ‚

244 1575 348 1625 quae
383 1557 500 1607 mali
535 1562 655 1608 tanti
690 1554 988 1610 acerbiffimo
1014 1562 1181 1609 nuntio
1216 1573 1369 1624 neque
1405 1553 1683 1607 labefadrari
1720 1565 1910 1627 potuit,

244 1643 398 1693 neque
436 1627 676 1677 dimoveri
712 1630 855 1680 loco!
906 1626 1058 1679 FiCtae
1094 1631 1290 1677 virtutes
1329 1630 1373 1674 in
1412 1625 1497 1676 illo
1530 1624 1716 1676 turbine
1754 1644 1912 1695 repen·

242 1700 349 1745 tinae
372 1694 661 1745 calamitatis
684 1728 701 1756 ,
737 1713 969 1765 tanquam
996 1693 1177 1746 flosculi
1213 1692 1428 1745 celeriter
1461 1694 1718 1756 decidunt,
1756 1700 1805 1746 &
1841 1714 1916 1747 ex-

242 1769 488 1815 cutiuntur
532 1782 560 1815 e
611 1765 864 1818 manibus.
912 1765 965 1817 O
1012 1765 1217 1828 dignum
1265 1763 1497 1830 SuperiS,
1544 1761 1913 1832 hominibusque

243 1830 593 1898 spestaculurn!
631 1832 884 1887 CAROLUS
919 1833 1218 1894 indejeCiuS,
1255 1837 1489 1882 immotus
1502 1847 1520 1890 3
1557 1848 1709 1898 neque
1745 1848 1909 1885 tamen

244 1898 462 1968 quodam
498 1899 764 1952 incredibili
801 1899 970 1952 robore
1007 1906 1073 1951 ita
1108 1898 1292 1967 septuS,
1329 1915 1381 1951 ut
1415 1905 1514 1962 ejus
1549 1906 1796 1962 animum,
1834 1921 1913 1969 pa·

241 1974 324 2020 trii
360 1969 541 2020 doloris
576 1967 724 2020 sensus
761 1987 852 2019 non
891 1967 1219 2037 perstringeret
1247 2005 1258 2015 .
1307 1969 1367 2019 Se
1420 1971 1770 2035 Imperatorem
1800 2003 1817 2032 ,
1865 1970 1911 2023 se

245 2039 444 2090 Patrem
490 2036 663 2099 senfit,
710 2043 759 2090 &
805 2051 1008 2106 utroque
1056 2036 1194 2089 simul
1243 2042 1436 2088 nomine
1485 2036 1722 2099 dolebat,
1774 2041 1909 2107 quod

245 2105 528 2158 alieniffimo
574 2105 856 2158 Christianae
906 2106 1208 2175 Reipublicae
1254 2121 1474 2174 tempore
1511 2106 1799 2174 Leopoldus
1834 2126 1911 2159 ex-

246 2175 466 2237 tinCtuS,
512 2181 562 2228 δε
615 2173 875 2227 Austriacae
921 2173 1134 2237 sobolis,
1192 2180 1243 2228 &
1302 2174 1490 2226 heredis
1541 2175 1741 2242 Imperii
1788 2178 1918 2228 triste

246 2243 384 2295 nobis
420 2241 707 2295 defiderium
746 2241 1029 2312 reliquisset.
1075 2245 1218 2296 Stetit
1255 2257 1417 2294 tamen
1453 2243 1518 2294 sui
1559 2259 1727 2311 potens
1761 2250 1810 2297 ὅ(
1850 2253 1914 2296 vi·

244 2311 355 2431 &pr
377 2346 395 2375 ‚
445 2314 653 2381 Deoque
700 2328 872 2365 munus
906 2312 1042 2366 suum
1078 2317 1309 2383 repetenti
1345 2310 1603 2381 aequiffimo
1638 2318 1802 2366 animo
1837 2314 1917 2366 ob-

248 2396 300 2432 tu
324 2397 359 2431 it
386 2417 397 2428 .

316 2451 392 2502 Ut
427 2464 588 2501 autem
626 2453 673 2499 in
720 2467 815 2501 uno
862 2448 1089 2504 CAROLO
1137 2448 1419 2502 Christianae
1451 2448 1718 2503 constantia:
1753 2469 1918 2519 quarn·

247 2524 460 2570 maxime
497 2518 766 2571 absolutum
805 2515 1108 2570 simulacrum
1143 2517 1421 2584 effingeret,
1457 2534 1724 2571 extremam
1750 2520 1912 2571 adhuc

250 2605 450 2639 manum
491 2588 631 2638 Deus
665 2586 840 2649 adiecit
866 2620 882 2649 ,
917 2604 1131 2655 eumque
1165 2606 1193 2638 a
1228 2584 1559 2639 secundissimo
1594 2588 1911 2640 vidioriarum

246 2655 382 2707 vcursu
420 2662 466 2706 in
501 2653 694 2707 adversa
732 2672 923 2723 repente
958 2659 1216 2718 traduxit3
1262 2675 1322 2708 eo
1356 2653 1551 2709 consilio
1575 2691 1593 2720 ,
1642 2674 1694 2708 ut
1719 2690 1736 2718 ‚
1774 2658 1912 2723 quod

245 2725 308 2776 de
344 2724 478 2775 Caio
516 2724 689 2775 Mario
724 2721 898 2790 scripsit
934 2723 1136 2777 Tullius
1162 2759 1178 2788 ,
1229 2730 1276 2776 in
1326 2726 1557 2794 prosperis
1605 2725 1741 2777 rebus
1776 2744 1912 2777 unus

245 2812 306 2845 ex
342 2791 592 2845 lortunatis
629 2792 908 2844 hominibus
932 2826 948 2855 ,
999 2799 1044 2844 in
1083 2791 1290 2857 adversis
1326 2812 1443 2846 unus
1476 2813 1535 2844 ex
1571 2790 1767 2844 summis
1804 2800 1919 2845 viris

245 2863 651 2931 =videret11r:.quo
687 2860 872 2916 beatius
905 2858 999 2914 effe
1028 2862 1313 2917 Christiano
1351 2861 1795 2931 Imperatorinihil
1832 2880 1913 2930 po‹¹

1724 2928 1811 2983 test
1835 2966 1847 2979 .
