2389 3408
1021 284 1442 358 (Lviuff

397 411 590 464 MARIA
614 408 879 457 THEREfflA
903 399 1110 453 filiarum
1126 400 1319 453 Caesaris
1334 417 1446 453 natu
1462 407 1672 454 maxima
1689 436 1705 464 ‚
1731 402 1860 471 quasi
1890 408 2057 471 pignus

400 488 528 547 pacis
554 492 796 542 nunquam
815 477 1094 532 interiturae,
1117 472 1245 521 Duci
1268 472 1596 535 Lotharingiae
1611 473 1781 523 nubat:
1812 473 2068 523 Austriacae

399 549 592 598 ditionis
619 542 759 607 regna
786 547 946 592 omnia
974 539 1176 601 habeat,
1215 546 1292 590 uni
1324 540 1486 591 heredi
1513 574 1529 602 ‚
1568 547 1897 608 pragmaticae,
1935 541 2070 608 quod

399 622 528 677 ajunt
553 649 570 675 ‚
609 611 877 662 Sanci‘tionis
914 611 1017 673 lege
1053 610 1251 661 addicta
1279 644 1293 657 .
1347 612 1397 660 O
1448 629 1658 671 novum,
1695 617 1743 662 δέ
1796 611 2070 660 inauditum

402 684 646 734 vidkorum
685 698 855 730 munus
881 713 896 739 ‚
935 677 1071 729 urbes
1107 683 1154 729 &
1194 684 1463 745 provincias
1490 679 1720 730 reddere!
1775 682 1934 729 Prima
1974 678 2070 728 haec

398 768 522 802 certe
559 749 672 802 belli
710 751 784 799 lex
830 746 898 798 est
944 753 991 798 &
1027 747 1274 808 conditio,
1309 765 1454 814 quam
1486 745 1566 798 sibi
1606 747 1711 815 ipsis
1746 746 1971 810 iusserunt
2011 753 2077 797 vi·

401 823 557 871 <stores
593 820 816 885 sapientia
857 815 1025 866 Caroli
1056 821 1156 877 jam
1195 816 1407 877 devicti,
1434 835 1556 884 quos
1583 836 1730 884 prope
1760 823 1974 883 poenituit
2009 813 2072 866 fe·

404 891 597 939 licitatis
623 888 730 939 suae.
771 887 1034 936 Fortunata
1064 903 1175 934 vero
1201 886 1311 946 lux,
1350 904 1403 934 ac
1431 883 1561 953 quasi
1600 887 1768 936 nataiis
1807 887 1944 948 hujus
1980 887 2073 935 lm-

405 964 522 1026 perii
561 960 655 1006 visa
689 954 786 1015 est,
822 972 931 1004 cum
971 959 1029 1002 iis
1075 953 1430 1004 conditionibus
1470 972 1560 1021 pax
1606 962 1826 1005 convenit
1854 990 1869 1016 ,
1919 972 2074 1022 eoque

403 1046 470 1076 res
512 1028 707 1093 Imperii
747 1021 899 1091 posuit
938 1024 1074 1082 loco,
1114 1038 1165 1073 ut
1204 1043 1294 1072 non
1334 1026 1485 1074 modo
1526 1041 1680 1074 vetera
1722 1024 2072 1074 iliabellorum

405 1094 577 1145 semina
618 1101 665 1146 &
702 1091 825 1143 faces
858 1096 1110 1141 extinxerit
1138 1126 1154 1152 ‚
1199 1089 1274 1141 sed
1305 1126 1320 1152 ,
1357 1109 1592 1159 quantum
1631 1113 1721 1142 non
1759 1099 1917 1159 quivis
1954 1110 2073 1142 unus

404 1184 432 1213 e
472 1163 652 1230 populo
679 1196 694 1222 ,
733 1161 808 1212 sed
847 1159 1098 1209 aestimator
1134 1161 1337 1227 prudens
1371 1167 1601 1221 conjicere
1639 1163 1821 1229 potest,
1860 1162 2072 1212 redituro

403 1239 551 1282 etiam
589 1231 717 1281 bello
754 1227 1124 1296 quodaminodo
1163 1228 1437 1294 praecluserit
1477 1237 1634 1279 viam.

477 1302 661 1350 Verum
700 1305 944 1348 enimvero
979 1329 994 1353 ‚
1046 1300 1178 1364 quod
1232 1301 1460 1348 diuturnae
1509 1305 1637 1365 pacis
1685 1299 1899 1365 praeclare
1945 1296 2074 1360 jaC‘ta

406 1369 491 1420 siut
529 1368 862 1425 fundamenta,
888 1363 1016 1432 spem
1043 1366 1162 1415 mihi
1201 1363 1376 1416 faciunt
1401 1400 1415 1427 ,
1456 1385 1547 1416 non
1581 1369 1817 1418 Austriaci
1860 1369 2074 1434 Imperii-

408 1439 580 1498 robur,
606 1456 698 1487 non
724 1441 904 1485 arcium
945 1441 1265 1494 munimenta,
1295 1455 1384 1484 non
1416 1437 1617 1499 Regum
1648 1433 1850 1496 foedera3
1882 1436 2076 1486 modica
2128 1450 2131 1452 ’

412 1507 657 1557 inclinatio
706 1520 1022 1570 temporum,
1074 1502 1323 1570 motusque
1373 1501 1549 1554 subitus
1588 1522 1742 1556 rerum
1792 1512 1934 1555 vertit
1981 1505 2074 1554 haec

407 1581 601 1635 otnnia3
638 1588 687 1623 at
727 1572 940 1624 stabilem
978 1578 1024 1623 ἃ
1064 1570 1322 1623 diutissime
1351 1573 1618 1623 mansuram
1645 1592 1842 1641 pacem,
1872 1572 2078 1624 haecsola

414 1643 607 1695 Caesaris
624 1640 857 1705 Religio,
894 1642 998 1704 have>
1028 1641 1120 1690 sola
1162 1649 1311 1706 pietas
1348 1640 1525 1707 sperare
1558 1641 1713 1702 jubet.
1743 1644 1954 1694 Fuerunt
1969 1646 2074 1708 apti

406 1731 464 1763 ex
490 1713 578 1762 hac
603 1709 736 1761 causa
764 1707 1109 1776 pendentesque
1135 1707 1359 1760 successus
1387 1710 1453 1758 illi
1483 1728 1637 1760 rerum
1655 1743 1670 1771 ‚
1708 1716 1755 1763 &
1794 1712 1888 1761 haec
1914 1727 2078 1771 tanta,

409 1800 502 1849 qua
529 1780 682 1831 subito
706 1778 1066 1838 convaluimus,
1093 1786 1137 1829 δέ
1158 1784 1345 1827 recreati
1375 1777 1560 1838 sumus,
1586 1780 1904 1846 tranquillitas
1920 1785 2077 1847 pacis.

409 1850 659 1917 Equidem
695 1845 944 1897 centesima
984 1864 1129 1914 prope
1169 1846 1248 1896 lux
1283 1846 1349 1897 est
1383 1846 1442 1897 ab
1483 1854 1672 1899 interitu
1688 1849 1907 1898 Caesaris.
1939 1850 2076 1898 Scitis

412 1937 494 1985 per
532 1915 667 1968 hosce
694 1917 794 1966 dies
820 1915 1158 1966 creberrimum
1186 1912 1319 1965 fuisse
1347 1915 1637 1978 sermonem,
1665 1935 1841 1985 quanta
1894 1923 2074 1984 impen-

411 1989 540 2037 deret
568 1985 771 2054 procella
797 1984 1113 2051 Reipublicae:
1139 2001 1186 2034 at
1212 1981 1703 2036 falsifuimusonnes.
1738 1984 2079 2047 Meufisunus,

414 2058 559 2117 alter,
597 2061 787 2105 tertius:
830 2054 1004 2120 Ecquae
1018 2055 1176 2104 adhuc
1204 2060 1437 2120 increpu:t
1465 2052 1661 2122 suspicio
1688 2056 1953 2107 tumultus?
1983 2056 2083 2103 Vix

411 2124 619 2174 evanido
654 2122 766 2173 belli
792 2121 1005 2183 turbine,
1034 2139 1084 2172 ut
1112 2122 1339 2173 levissime
1366 2126 1556 2184 dicam,
1589 2126 1784 2191 imperii
1814 2122 1927 2174 fines
1951 2120 2085 2173 asfla*

418 2199 453 2241 ri
482 2190 728 2251 senfin-unffi
765 2198 988 2258 quamvis
1023 2197 1237 2241 animum
1290 2192 1626 2258 intempestivae
1674 2193 1832 2257 gloria:
1883 2191 2082 2242 stimulis

417 2266 710 2318 incitatum,
762 2274 948 2309 revocet
995 2266 1094 2321 jam
1143 2277 1226 2326 per
1273 2258 1358 2309 sese
1412 2263 1525 2310 Rex
1577 2279 1690 2311 verae
1742 2263 1896 2315 laudis
1947 2260 2080 2311 haud

423 2338 611 2392 ignarus
637 2362 653 2389 ,
699 2334 748 2379 &
789 2324 1005 2378 reflectat
1031 2364 1041 2374 .
1095 2332 1141 2380 A
1184 2327 1376 2394 reliquis
1415 2334 1668 2395 provinciis
1695 2333 1935 2384 nihildum
1972 2329 2085 2380 belli

421 2399 622 2447 allatum
648 2395 745 2457 est,
772 2415 826 2445 ne
856 2402 1055 2447 rumoris
1082 2398 1307 2464 quidem.
1338 2398 1518 2448 Omnia
1547 2397 1681 2450 nobis
1715 2418 1911 2454 evenere
1948 2399 2085 2449 aliter

422 2483 476 2514 ac
514 2484 596 2515 nos
633 2462 848 2515 sensimus
879 2487 886 2513 :
934 2485 1025 2517 non
1065 2481 1224 2516 tamen
1262 2466 1400 2516 aliter
1434 2484 1579 2534 atque
1617 2467 1866 2522 CAROLUS
1903 2487 1992 2536 prae
2043 2466 2085 2517 se

428 2537 604 2599 {emper
642 2534 856 2594 tulerat3
895 2534 983 2585 hac
1023 2534 1096 2585 ille
1147 2536 1223 2602 spe
1262 2552 1469 2586 mortem
1508 2542 1713 2602 oppetiit
1752 2534 1922 2587 libens.

498 2605 690 2651 Etenim
741 2602 821 2652 iila
873 2601 964 2668 ipsa
1016 2606 1231 2652 serenitas
1276 2610 1374 2654 oris
1414 2638 1428 2664 ,
1465 2602 1719 2656 fatidicum
1769 2604 1921 2656 nescio
1968 2602 2088 2672 quid

429 2670 674 2731 habebat,
715 2677 756 2718 in
805 2688 954 2737 eaque
1005 2677 1150 2721 inerat
1202 2673 1458 2738 quoddam
1508 2689 1784 2739 temporum
1833 2682 2085 2739 augurium

431 2737 730 2789 suturorum-
774 2739 910 2788 Nam
948 2739 1126 2790 securua
1153 2737 1216 2790 sui
1244 2774 1259 2801 ‚
1309 2760 1362 2790 ac
1417 2741 1604 2792 suorum
1632 2775 1648 2802 ,
1696 2743 1871 2793 eodem
1910 2741 2044 2792 vultu
2069 2772 2085 2799 ‚

429 2826 526 2873 qao
557 2810 923 2873 imperatoriam
952 2807 1294 2871 ciu'iu‘nyxiesn,
1328 2811 1567 2861 iani-catos
1595 2808 1765 2871 fasCes,
1793 2809 2086 2874 triumphane

1953 2891 2022 2925 tes
