2446 3408
831 350 1207 419 (xxix)

184 474 362 531 quanta
412 460 632 515 subituris
693 467 823 513 viam
888 461 1152 522 sterneret3
1222 461 1471 530 extemplo
1528 459 1833 513 circumstant

185 534 462 590 CAROLUM
491 565 508 594 ,
566 532 839 601 trepidique
886 532 1130 593 edocent,
1191 539 1237 581 ni
1286 528 1508 599 suppetiae
1553 548 1702 600 quam
1754 538 1842 599 pri-

188 621 327 655 mum
361 600 613 663 ferantur,
662 602 891 653 ultimum
941 601 1072 653 haud
1121 599 1267 652 dubie
1316 600 1421 651 urbi
1471 606 1721 652 imminere
1758 598 1843 651 dis-

188 678 368 723 crimen
407 690 425 733 5
474 676 521 721 in
569 686 698 720 tanta
746 687 1161 738 propugnatorum
1212 675 1451 737 paucitate
1488 688 1652 721 contra
1691 686 1845 721 tantas

188 740 402 792 hostium
451 745 614 807 copias
663 739 899 804 negabant
948 742 1109 792 locum
1171 738 1373 790 obtineri
1436 738 1567 806 posse
1617 740 1840 800 diutius3

189 809 322 877 spem
362 806 598 861 infinitam
636 805 847 878 persequi
886 810 1078 870 nollet3
1115 805 1309 870 officio,
1347 803 1379 857 fi
1415 809 1535 875 quid
1571 810 1844 860 etiamdum

192 879 452 940 debuerat,
477 876 662 930 factum
689 877 820 929 satis.
850 877 1011 943 Quare
1035 895 1327 944 magnopere
1353 875 1548 928 suadent
1574 879 1802 933 CAROLO
1836 911 1854 939 2

197 965 250 1001 ut
287 966 389 1000 tam
425 945 584 998 accisis
621 952 666 997 in
705 947 842 1000 rebus
878 949 994 1001 urbe
1028 947 1255 1000 excedere
1281 980 1297 1008 ,
1347 964 1496 1014 quam
1546 946 1660 998 belli
1710 945 1853 998 fortu-

197 1036 312 1069 nam
362 1034 541 1069 temere
590 1016 845 1085 periclitari
894 1018 1096 1070 mallet.
1148 1016 1363 1081 Egregia
1415 1015 1669 1067 velocitate
1721 1022 1854 1066 navis

197 1087 261 1138 ad
298 1085 467 1152 fugam
503 1083 704 1139 offertur
730 1122 741 1134 .
784 1088 951 1139 Unum
989 1087 1154 1139 sentire
1191 1104 1357 1137 omnes
1383 1119 1398 1148 ,
1437 1104 1584 1136 unum
1624 1085 1808 1136 studere
1833 1119 1852 1146 ‚

199 1172 253 1207 ut
290 1153 333 1207 se
369 1156 516 1208 servet
554 1156 844 1208 incolumem
870 1189 887 1218 ‚
935 1163 981 1216 in
1019 1175 1119 1226 quo
1155 1171 1257 1207 tota
1296 1162 1477 1205 nitatur
1515 1153 1760 1222 Hispania:
1797 1152 1858 1204 sa-

196 1227 304 1287 luS,
341 1243 404 1276 ac
441 1243 496 1276 ne
534 1226 833 1292 temporibus
859 1226 1220 1285 excluderetur,
1258 1224 1603 1275 maturandum
1634 1222 1845 1284 aiebant.

201 1296 424 1345 Omnino
461 1294 724 1362 probabilia
766 1293 1050 1346 videbantur
1085 1292 1253 1346 afferre
1276 1328 1292 1356 ‚
1341 1300 1390 1346 &
1429 1291 1642 1343 humano
1677 1293 1859 1353 judicio

200 1381 303 1414 rem
340 1362 675 1414 aestimantibus
710 1369 859 1415 etiam
898 1362 1192 1425 neceffaria3
1241 1380 1387 1431 quare
1434 1361 1745 1413 cunctantem
1781 1361 1860 1411 de-

201 1438 346 1501 nique
384 1431 734 1498 perpulerunt,
783 1448 836 1484 ut
885 1433 1140 1484 inclinante
1187 1431 1271 1484 sub
1325 1431 1568 1499 vesperam
1618 1429 1696 1481 die
1742 1445 1860 1480 tem·

204 1507 311 1569 pori
359 1500 550 1551 cederet
582 1535 594 1547 .
645 1501 746 1552 Vix
796 1507 884 1552 iter
932 1500 1161 1567 ingressus
1221 1498 1373 1552 silenti
1421 1500 1570 1551 nodie
1617 1499 1744 1549 clam
1793 1505 1853 1548 ci·

204 1569 345 1621 vibus
405 1567 700 1636 conspicatus
749 1588 898 1638 prope
948 1570 1077 1623 urbis
1127 1569 1544 1639 propugnaculum
1607 1567 1857 1619 aediculam

210 1639 316 1692 Dei
367 1638 527 1690 Matri
577 1638 753 1690 sacram
781 1673 797 1699 ,
845 1646 978 1697 cuius
1015 1637 1137 1691 fores
1176 1641 1226 1692 id
1263 1644 1497 1705 temporis
1532 1638 1555 1705 (
1603 1634 1725 1687 forte
1763 1655 1819 1686 ne
1844 1670 1862 1697 ‚

212 1727 273 1759 an
311 1708 479 1758 divino
513 1705 747 1758 consilio?
772 1707 794 1773 )
822 1707 1002 1760 reclusae
1023 1724 1186 1770 erant,
1221 1726 1275 1760 ac
1313 1710 1542 1772 religione
1578 1706 1671 1756 loci
1707 1706 1873 1756 admo·

210 1781 336 1828 nitus
371 1791 578 1842 coeptum
616 1781 705 1827 iter
740 1777 987 1846 abrumpit
1010 1811 1026 1840 ‚
1076 1775 1301 1829 sacellum
1339 1776 1634 1842 ingreditur,
1669 1793 1724 1824 ac
1766 1775 1870 1826 Nu·

214 1850 346 1896 mine
392 1842 636 1908 salutato,
695 1845 928 1897 coelestem
976 1865 1121 1914 opem
1158 1853 1207 1899 ἀ
1244 1845 1440 1913 supplex
1497 1860 1691 1895 exorare
1737 1849 1878 1911 coepit

214 1911 352 1982 ipse,
399 1918 449 1966 ὅ(
495 1914 702 1965 aliorum
750 1914 968 1982 precibus
1014 1914 1138 1978 juffit
1184 1914 1410 1983 exposci.
1472 1913 1606 1964 Dein
1657 1930 1874 1979 precatus

215 1983 477 2048 Virginem
516 1983 769 2044 Matrem,
808 1990 876 2034 uti
915 1984 1079 2035 volens
1115 2002 1171 2035 ac
1209 1989 1416 2052 propitia
1455 1980 1538 2032 fibi
1576 1979 1786 2044 adeffet,
1826 1987 1871 2031 in

217 2068 351 2104 tanta
403 2067 560 2103 rerum
607 2070 662 2102 ac
710 2068 987 2120 temporum
1038 2059 1292 2121 iniquitate
1341 2085 1357 2113 ‚
1417 2053 1503 2104 diu
1564 2051 1871 2117 multumque

219 2119 503 2190 provolutus
539 2125 586 2170 in
622 2139 774 2186 genua
802 2155 818 2183 ‚
866 2140 922 2172 ac
970 2123 1224 2174 meditanti
1262 2119 1426 2172 fimilis
1462 2138 1621 2188 preces
1656 2119 1719 2171 ad
1757 2120 1878 2170 mul·

221 2206 324 2241 tarn
363 2189 556 2241 οοέἶεεω
592 2206 859 2242 extraxerat
887 2227 899 2238 .
949 2191 1152 2260 Jamque
1200 2191 1344 2243 aulici
1383 2195 1567 2251 veriti,
1616 2207 1673 2239 ne
1713 2187 1870 2240 studio

221 2258 412 2310 suorum
461 2256 638 2310 deesset
686 2260 939 2317 CAROLUS
978 2294 995 2323 ‚
1055 2266 1230 2313 iterum
1277 2279 1333 2311 ac
1381 2263 1523 2311 tertio
1572 2273 1767 2309 monent
1816 2255 1879 2308 fe·

226 2329 398 2380 stinato
434 2345 555 2394 opus
591 2325 730 2390 effe5
768 2336 815 2380 in
850 2348 964 2382 eum
1003 2329 1164 2382 locum
1204 2329 1470 2381 deductam
1509 2344 1607 2377 rem
1645 2324 1739 2377 effe
1765 2360 1782 2388 ‚
1820 2342 1879 2378 ut.

225 2401 441 2449 minimis
479 2403 735 2448 momentis
770 2405 1008 2450 maximas
1044 2417 1201 2450 rerum
1240 2396 1340 2448 fieri
1379 2396 1510 2466 posse
1548 2396 1877 2448 inclinationes

227 2464 605 2535 pertimescerent
631 2501 643 2513 .
693 2468 794 2518 His
832 2466 1033 2518 stimulis
1070 2474 1274 2535 percitus
1310 2466 1600 2525 CAROLU82
1637 2481 1782 2533 atque
1819 2465 1885 2515 ad

230 2534 333 2587 suos
367 2531 614 2586 conversus
640 2568 656 2595 ,
704 2533 834 2602 quafi
872 2534 1028 2588 futura
1067 2535 1338 2603 praesagiens
1363 2569 1379 2597 ‚
1429 2533 1654 2586 familiari
1692 2553 1747 2584 ac
1785 2533 1879 2600 pla-

229 2604 342 2656 cido
377 2603 558 2664 vultu3
607 2604 747 2655 Deus
773 2638 788 2665 ‚
829 2610 981 2672 inquit
1006 2638 1022 2666 ‚
1072 2604 1313 2665 meliora3
1362 2621 1549 2656 tanturn
1601 2601 1775 2654 fiducia
1825 2620 1882 2652 ne

231 2670 350 2724 defit
377 2707 389 2719 -
438 2672 490 2722 Si
527 2672 725 2740 paulum
764 2673 1039 2724 adnitantur
1063 2707 1079 2735 ,
1119 2674 1375 2724 vid'toriam
1411 2675 1504 2724 efle
1543 2680 1588 2722 in
1627 2671 1846 2722 manibus
1871 2705 1883 2716 .

233 2744 444 2795 Haec-ea
482 2748 641 2791 animi
666 2742 928 2793 constantia
966 2738 1138 2794 effatus
1172 2741 1240 2794 est
1264 2776 1280 2803 ‚
1319 2758 1370 2793 ut
1407 2749 1505 2804 ejus
1542 2747 1697 2791 oratio
1740 2757 1882 2790 omen

234 2811 449 2862 victoria:
485 2811 768 2862 videretur.
816 2811 977 2876 Quare
1015 2828 1204 2862 mutato
1254 2826 1443 2877 repente
1492 2807 1685 2860 consilio
1713 2842 1728 2870 ,
1779 2814 1886 2871 reJe-

233 2880 411 2951 &oque
447 2885 644 2947 navigio
679 2893 842 2949 praeter
878 2885 1096 2932 omnium
1132 2878 1534 2949 exspectationem
1575 2878 1780 2998 dorgum
1823 2895 1890 2929 re·

332 2972 339 2977 f
1575 2964 1656 3012 gre
1697 2963 1811 2998 itur.
