2446 3408
840 332 1250 403 (xxlii.)

281 447 363 498 Ac
401 450 610 514 primum
649 442 778 496 sinite
817 463 893 495 me
931 446 1130 513 quidem
1170 445 1262 498 hoc
1299 446 1406 499 loco
1430 481 1447 509 ,
1489 447 1728 500 Auslriaci
1771 449 1864 515 lm-

213 521 330 583 perii
370 532 685 583 propagatam
725 514 784 565 ab
820 514 1006 582 aliquot
1045 513 1215 566 saeculis
1251 517 1314 567 ad
1364 518 1458 567 haec
1498 517 1640 586 usque
1679 535 1863 585 tempo-

215 604 262 634 ra
301 587 507 649 gloriam
545 590 592 636 &
632 582 910 633 felicitatem
951 584 1095 650 paulo
1131 585 1273 636 altius
1313 604 1519 653 repetere
1545 621 1560 648 ‚
1604 605 1657 639 ut
1688 589 1862 655 quibus

212 654 443 719 gradibus
483 652 673 703 Aul’tria
714 652 899 703 cursum
943 651 1124 719 semper
1161 661 1364 705 tenuerit
1416 655 1558 719 longe
1605 655 1862 708 secundiffi·

215 741 349 774 mum
377 757 392 784 ‚
430 719 594 772 iisdem
628 726 776 771 etiam
815 722 1087 777 CAROLUM
1122 723 1185 773 ad
1220 723 1312 773 hoc
1349 723 1586 775 honorum
1622 725 1864 791 fastigium

215 792 505 859 perdud'tum
546 789 679 840 fuisse
706 824 721 852 ,
756 788 939 841 facilius
981 791 1258 855 intelligatis
1281 827 1293 839 .
1345 793 1711 861 Circumspicite
1749 817 1867 865 quae·

214 860 263 913 so
302 867 474 911 animis
525 859 651 909 orbis
705 876 938 910 terrarum
993 861 1246 928 Imperia,
1293 866 1341 914 &
1391 863 1554 929 quoad
1603 864 1869 932 longissime

218 929 411 998 potestis
450 934 732 996 praeteritam
785 928 978 980 illorum
1026 935 1312 981 memoriam
1364 931 1724 996 recordamini3
1778 938 1867 988 Di-

213 1017 322 1050 cam
363 998 510 1066 paulo
547 995 746 1047 fortaffis
783 998 1011 1049 audacius
1037 1033 1052 1060 ,
1090 997 1166 1049 sed
1209 1017 1316 1049 vere
1355 1015 1518 1050 tamen
1555 1003 1716 1054 dicam
1745 1039 1761 1066 ,
1809 1024 1868 1059 ex

217 1084 297 1119 tot>
328 1063 559 1134 tantisque
588 1099 604 1127 ,
653 1084 754 1133 quae
801 1067 863 1117 ad
903 1067 1022 1119 lianc
1059 1068 1191 1119 diem
1243 1066 1503 1120 floruerunt
1529 1103 1545 1130 ‚
1601 1073 1867 1139 Imperium

216 1144 415 1187 omnino
453 1133 588 1187 fuisse
627 1136 810 1186 nullum
840 1169 856 1196 ,
894 1142 970 1187 cui
1009 1137 1207 1204 quidem
1248 1137 1476 1204 prolixius
1501 1171 1518 1197 ‚
1566 1157 1621 1190 ac
1657 1144 1869 1195 cumula·

213 1213 310 1256 tius
334 1240 350 1267 ,
391 1206 678 1269 Regnorum
718 1204 796 1254 ille
834 1205 1110 1256 moderator
1152 1207 1289 1256 Deus
1325 1204 1568 1257 indulserit
1593 1242 1610 1269 ‚
1650 1211 1867 1274 nullum,

214 1276 350 1341 quod
403 1271 701 1339 propensiore
759 1291 869 1323 cura
932 1273 1358 1342 benevolentiaque
1419 1275 1701 1341 complexus
1760 1277 1814 1331 sit
1850 1317 1863 1330 .

208 1344 397 1407 Qianti
449 1358 590 1408 porro
638 1337 910 1391 faciendum
961 1343 1081 1394 illud
1129 1341 1232 1393 est!
1295 1343 1605 1395 Diuturnitas
1668 1350 1869 1416 imperii

211 1410 457 1464 Austriaci
494 1426 623 1460 tanta
650 1442 666 1470 ‚
715 1427 944 1476 quantam
995 1412 1111 1463 nulli
1152 1411 1380 1462 bad'tenus
1415 1412 1664 1477 contigisse
1701 1425 1868 1469 memi-

214 1487 414 1539 nimus3
465 1479 642 1546 Neque
687 1484 815 1528 enim
863 1497 889 1529 e
940 1479 1229 1530 Christianis
1270 1480 1493 1547 Imperiis
1527 1485 1726 1549 quidem
1769 1505 1870 1553 pro·

215 1545 324 1598 ferri
364 1547 515 1598 ullum
556 1545 709 1614 potest
737 1579 753 1608 ‚
789 1548 923 1614 quod
962 1548 1149 1614 longius
1186 1557 1503 1616 perpetuitate
1527 1552 1740 1618 quadam
1781 1554 1872 1607 suc-

219 1614 432 1666 ceffionis
481 1631 800 1683 propagatum
850 1618 1026 1667 fuerit.
1089 1617 1307 1667 Potestne
1368 1615 1458 1668 fine
1507 1621 1772 1673 incredibili
1824 1632 1870 1676 in

216 1685 502 1736 Austriacos
546 1685 644 1733 Dei
683 1682 979 1748 benignitate
1014 1683 1107 1735 else
1145 1683 1328 1736 fastum
1357 1720 1372 1747 ,
1422 1703 1474 1736 ut
1510 1689 1571 1738 ab
1608 1697 1741 1741 annis
1776 1712 1875 1745 am·

212 1752 339 1820 plius
374 1752 775 1820 qiiadringenti3‚
823 1771 880 1803 ex
930 1771 1027 1822 quo
1074 1760 1163 1816 jaci
1212 1754 1337 1805 illius
1383 1751 1690 1809 fundamenta
1727 1779 1871 1828 coepe·

212 1838 322 1872 runt
361 1827 405 1869 in
449 1817 674 1870 Rudolfo
717 1821 783 1881 1.‚
823 1828 1059 1887 integrum
1097 1840 1241 1891 atque
1271 1823 1507 1875 incolume
1535 1827 1873 1893 permanserit?

218 1889 363 1940 Nihil
404 1888 483 1939 hic
519 1885 692 1939 faciam
733 1894 950 1957 imperite
976 1924 993 1952 ,
1032 1910 1181 1958 neque
1220 1898 1456 1958 inquiram
1492 1893 1670 1946 curiose
1696 1904 1740 1947 in
1764 1917 1872 1950 con-

214 1957 314 2009 silia
364 1960 534 2007 divinae
593 1962 766 2006 mentis
802 1991 817 2017 ,
864 1976 966 2025 quae
1013 1967 1167 2011 minus
1216 1960 1442 2011 haberent
1489 1964 1867 2030 admirationis,

215 2025 298 2076 nisi
332 2024 476 2077 effent
503 2058 518 2086 ,
556 2043 703 2092 quam
743 2025 1008 2091 longiffime
1047 2028 1106 2078 ab
1144 2029 1456 2092 intelligentia
1493 2041 1738 2085 communi
1780 2036 1869 2086 sen-

222 2095 371 2163 suque
423 2095 703 2155 disjunc'ta3
755 2095 1084 2147 Veruntamen
1112 2131 1127 2158 ‚
1178 2099 1337 2164 quoad
1379 2097 1564 2150 homini
1611 2104 1879 2165 conjeC’tare

215 2162 286 2214 fas
320 2163 427 2225 est,
467 2181 555 2213 una
595 2161 715 2213 mihi
755 2182 844 2231 prae
877 2171 1050 2216 caeteris
1087 2164 1369 2230 singularem
1407 2167 1541 2219 illam
1581 2177 1625 2220 i'n
1657 2174 1870 2225 Austria-

214 2250 296 2283 cos
339 2233 436 2282 Dei
474 2232 856 2284 benevolentiam
897 2232 1171 2300 provocasse
1207 2233 1340 2286 causa
1385 2238 1604 2300 videtur,
1643 2240 1873 2294 Christia-

217 2320 284 2349 na:
319 2305 508 2366 pietatis
545 2300 800 2352 vehemens
827 2335 844 2363 ‚
881 2309 930 2355 &
970 2301 1173 2354 incensus
1208 2306 1350 2355 ardor
1376 2338 1392 2365 ‚
1429 2312 1476 2359 δι
1514 2309 1646 2374 quod
1683 2315 1726 2359 ei
1764 2329 1868 2378 pro-

219 2374 407 2418 ximum
444 2366 511 2416 est
538 2399 554 2427 ,
590 2368 800 2422 summus
838 2378 883 2419 in
924 2369 1186 2423 Ecclefiam
1214 2406 1230 2434 ,
1266 2373 1455 2440 ejusque
1493 2378 1763 2446 Principem
1791 2379 1874 2432 ho·

218 2454 306 2487 nor
341 2442 390 2487 &
427 2433 720 2486 observantia
759 2437 1001 2503 singularis
1025 2475 1037 2486 .

291 2507 460 2570 Atque
498 2519 549 2555 ut
586 2523 642 2554 ne
683 2504 868 2569 longius
904 2508 1074 2559 abeam
1098 2541 1114 2569 ‚
1164 2510 1280 2560 Fuit
1305 2545 1321 2572 ‚
1369 2509 1460 2564 fuit
1498 2513 1578 2563 illa
1616 2515 1866 2581 quondam

218 2571 384 2622 iisdem
426 2574 700 2638 primordiis
747 2580 950 2627 excitata
1000 2575 1199 2627 felicitas
1238 2580 1479 2636 CAROLit
1530 2581 1620 2632 hac
1659 2592 1734 2633 via
1773 2602 1870 2634 ma·

217 2647 373 2702 iorum
411 2641 600 2692 suorum
638 2641 887 2693 nobilitata
927 2644 1136 2709 vestigiis
1171 2648 1235 2698 ad
1277 2651 1541 2717 Imperium
1577 2650 1768 2712 evasit3
1806 2658 1871 2702 ni·

216 2716 395 2761 mirum
430 2715 613 2760 avitam
651 2710 771 2760 hanc
797 2744 812 2772 ,
849 2730 904 2762 ac
941 2731 1087 2781 prope
1124 2714 1439 2769 domesticam
1482 2720 1678 2785 Imperii
1715 2721 1868 2787 adipi·

219 2780 371 2829 lcendi
437 2776 756 2846 firmandique
803 2797 956 2831 artem
1007 2782 1343 2846 Augustorum
1394 2805 1478 2853 par
1528 2787 1647 2838 illud
1711 2788 1870 2840 nobile

218 2847 460 2902 Eleonora
487 2878 504 2911 5
539 2866 594 2900 ac
621 2849 919 2916 Leopoldus
957 2849 980 2919 (
1015 2868 1116 2918 quae
1152 2857 1200 2904 ὅ(
1236 2870 1413 2921 quanta
1451 2863 1644 2907 nomina
1671 2855 1742 2974 ΞΠ)
1779 2864 1869 2909 im-

816 2944 820 2947 -
1598 2942 1679 2992 pre
1722 2943 1804 2976 am
