2389 3408
941 311 1515 383 (xxxvruq

406 431 502 480 haec
552 427 796 491 Eugenius
827 461 835 471 .
910 426 986 475 At
1045 424 1302 475 CAROLUS
1363 430 1491 489 regia
1551 421 1814 488 chlamyde
1875 423 2078 478 educens

409 514 604 549 aureum
653 492 838 543 Christi
890 492 1194 546 simulacrum
1243 514 1269 546 e
1321 500 1534 558 gemmis
1580 491 1883 556 clarfflimis,
1932 513 2077 561 opera

409 564 617 617 mirabili
658 561 926 630 perfeetum
952 597 968 624 ‚
1006 569 1055 616 &
1096 565 1323 629 Eugenio
1357 579 1612 629 copiarum
1650 561 1760 612 duci
1800 568 2077 629 porrigens,

406 652 513 685 cum
551 633 642 682 hac
680 638 871 698 pietatis
904 634 1212 700 epigraphe:
1267 631 1409 697 Jesus
1447 630 1663 690 Christus
1704 632 1813 681 Dux
1838 665 1853 693 ‚
1892 632 1954 687 (ξ’
1992 633 2077 682 Im·

417 716 633 770 perator:
677 701 829 761 huic,
880 705 1077 768 inquit,
1144 701 1341 769 posthac
1392 699 1666 767 pugnabi5‚
1718 699 1829 751 huic
1878 706 2036 752 vinces
2065 738 2076 748 .

411 773 530 822 Haec
569 771 810 821 dicentem
838 803 853 829 ,
902 787 1004 836 quae
1054 787 1158 821 tum
1210 771 1599 820 admurmuratio
1638 786 1885 835 procerum
1922 769 2074 821 conse-

409 856 515 891 cuta
553 838 619 890 est
657 838 1041 890 incolumitatem
1067 872 1083 900 ‚
1122 846 1170 892 ἃς
1210 838 1468 889 victoriam
1507 844 1956 903 comprecantium!

477 909 544 958 Et
581 908 866 959 mirabimur
906 907 1016 958 belli
1057 907 1186 959 illius
1225 915 1378 958 exitus
1414 904 1549 957 fuiffe
1589 907 1660 956 vel
1702 913 1765 957 ita
1805 908 2030 959 secundos
2057 943 2072 970 ‚

410 995 457 1030 ut
494 977 816 1045 quodcunque
865 973 1015 1027 solum
1065 995 1092 1026 a
1152 975 1376 1028 Caesareis
1438 974 1674 1026 militibus
1737 993 2070 1043 premeretur,

406 1046 526 1098 illud
564 1042 723 1096 felices
760 1047 915 1096 lauros
964 1045 1046 1096 sub
1094 1045 1302 1110 vestigiis
1349 1044 1724 1110 triumphalibus
1776 1047 2072 1112 protulerit5

413 1124 476 1166 ita
528 1114 700 1166 celeres
748 1130 798 1165 ut
845 1120 1143 1165 ottomanico
1191 1119 1442 1176 exercitu,
1491 1111 1631 1163 semel
1682 1115 1745 1164 ad
1798 1116 2072 1166 Petrovara·

410 1188 577 1235 tlinnm
602 1218 620 1246 ,
670 1190 844 1234 iterum
881 1184 944 1234 ad
984 1184 1271 1235 Taurunum
1309 1181 1409 1235 fuso
1446 1180 1709 1250 fugatoque
1736 1216 1750 1244 ‚
1804 1185 2071 1250 Hungariae

406 1253 661 1304 claustrum
703 1249 1024 1303 firmissimum
1051 1287 1066 1314 ‚
1108 1259 1405 1303 munitarum
1443 1251 1633 1303 urbium
1661 1251 1893 1319 specimen
1921 1255 2071 1320 quotl-

408 1324 523 1373 dam
561 1320 792 1373 obsessum
817 1353 832 1380 ,
885 1327 932 1373 &
980 1338 1309 1388 expugnatum
1347 1319 1530 1381 fuerit3
1582 1326 1647 1370 ita
1699 1322 2027 1388 inexpectatos
2052 1355 2068 1383 ‚

412 1410 459 1443 ut
498 1398 546 1443 δι
583 1390 790 1441 hostium
832 1405 1018 1440 metum
1056 1398 1103 1442 <Sc
1143 1390 1271 1457 spem
1299 1389 1503 1439 nostram
1532 1386 1644 1455 saepe
1688 1396 1883 1440 vicerint
1910 1426 1925 1452 ‚
1968 1391 2069 1442 Cae·

414 1458 638 1526 sareisque
687 1457 952 1523 legionibus
992 1466 1036 1508 in
1075 1461 1330 1511 Croatiam
1357 1492 1372 1520 ‚
1424 1457 1652 1510 Bosniam
1680 1491 1696 1518 3
1734 1459 1950 1510 Serviani
1980 1464 2069 1509 iter

409 1530 678 1580 Turcarum
718 1533 1029 1578 internecione
1068 1525 1364 1596 patefactum
1403 1525 1481 1577 sit.
1521 1528 1719 1577 Harum
1752 1526 2064 1582 victoriarum

408 1616 557 1665 praeco
590 1603 686 1658 jam
724 1594 875 1646 fuerat
925 1597 1208 1658 CAROLUS,
1257 1603 1338 1664 qui
1388 1612 1514 1646 certa
1552 1596 1704 1645 divini
1756 1595 1948 1662 praefidii
1989 1593 2066 1666 spe

412 1664 562 1717 fidens
588 1699 603 1726 ,
642 1682 693 1716 ut
730 1665 850 1715 olim
888 1661 1229 1716 Constantinus
1270 1668 1518 1729 Magnus,
1556 1681 1709 1714 certus
1744 1682 1845 1714 erat
1887 1673 2065 1718 vincen-

407 1735 492 1796 di,
528 1752 640 1785 cum
671 1733 918 1784 Labarum
958 1733 1131 1782 Crucis
1169 1731 1438 1800 praeferebat
1464 1770 1474 1780 ·
1526 1733 1718 1798 Quanta
1758 1750 1946 1799 repente
1985 1736 2066 1786 lux

405 1804 574 1856 oborta
612 1801 893 1853 Christianae
935 1798 1277 1866 Reipublicae‚
1327 1821 1428 1870 quae
1479 1802 1616 1852 bellis
1664 1815 1800 1850 antea
1839 1804 2061 1869 oppressa

400 1872 621 1924 civilibus
655 1870 882 1922 extollere
916 1877 1014 1931 jam
1050 1887 1193 1937 caput
1229 1889 1460 1939 coeperat,
1498 1877 1547 1923 δε
1582 1868 1845 1937 aliquando
1884 1890 2058 1923 recrea-

402 1957 449 1992 ta
487 1948 534 1991 in
582 1940 708 2006 spem
762 1938 940 2006 pristini
996 1941 1192 2005 Imperii
1238 1939 1546 2008 recuperandi
1593 1938 1874 1990 exarserat?
1925 1941 2062 2006 Qiid

401 2016 529 2061 enim
565 2009 625 2060 ab
665 2005 771 2076 ipsls
812 2007 1015 2058 Austriae
1051 2008 1376 2071 incunabulis,
1412 2009 1530 2077 quid
1572 2006 1727 2075 priscis
1757 2006 1876 2070 illis,
1915 2028 2060 2077 atque

400 2079 604 2129 heroicis
642 2076 939 2143 temporibus
975 2075 1160 2140 gestum
1197 2078 1264 2127 est
1302 2077 1556 2129 illustrius?
1598 2076 1789 2127 Multas
1825 2080 2056 2144 equidem

406 2145 699 2197 summorum
752 2148 1106 2211 Imperatorum
1155 2145 1431 2197 clariffimas
1493 2144 1721 2196 vistorias
1768 2146 1921 2196 nostra
1972 2166 2050 2213 pa—

402 2233 628 2282 trumque
666 2219 898 2264 memoria
927 2247 942 2274 ,
979 2230 1061 2263 aut
1099 2215 1310 2265 vidimus
1335 2248 1350 2274 ‚
1387 2231 1469 2266 aut
1506 2214 1812 2274 audivitntis‚
1851 2233 2057 2281 quarum

404 2285 530 2334 nulla
562 2301 714 2351 neque
742 2298 926 2332 tantam
953 2280 1115 2333 attulit
1147 2283 1390 2346 laetitiam‚
1430 2300 1581 2349 neque
1610 2300 1709 2333 rem
1742 2282 2057 2336 Catholicam

403 2371 465 2401 eo
505 2352 593 2400 loci
636 2354 858 2418 perduxit
885 2386 901 2413 ,
950 2366 1002 2400 ut
1053 2370 1144 2401 non
1182 2359 1338 2402 minor
1387 2353 1449 2404 acl
1489 2350 1721 2403 Caesarem
1748 2385 1764 2413 ‚
1805 2369 1953 2419 quam
1992 2355 2057 2405 ad

403 2419 649 2471 foederatos
688 2419 897 2469 vidioriae
933 2419 1115 2470 fruetus
1154 2428 1419 2488 perveniret
1444 2457 1456 2469 .
1489 2454 1499 2459 --

472 2490 604 2539 Cum
652 2495 781 2536 enim
832 2494 976 2540 totius
1025 2488 1137 2538 belli
1187 2496 1418 2543 maritimi
1470 2495 1678 2556 impetus
1725 2490 1788 2540 ad
1829 2489 2058 2554 Corcyrae

403 2564 569 2607 moenia
607 2553 880 2606 conllitiss'et
908 2592 923 2617 ,
960 2575 1164 2624 eamque
1203 2559 1401 2612 insulam
1439 2555 1525 2608 fibi·
1551 2557 1721 2607 Thrax
1763 2559 1953 2609 Venetae
1988 2561 2055 2610 di-

403 2632 544 2675 tionis
579 2630 769 2687 januam
807 2621 904 2674 fore
942 2624 1196 2688 putavisset
1221 2663 1237 2689 ‚
1285 2648 1380 2696 qua
1415 2623 1614 2677 effrat‘Jm
1653 2632 1699 2678 &
1738 2626 1916 2678 revulsa
1953 2640 2055 2678 tota

405 2710 585 2760 pateret
626 2694 764 2744 Italia
793 2726 807 2752 ,
849 2691 1040 2759 perfecit
1078 2693 1328 2750 CAROLUS
1364 2732 1379 2758 ,
1425 2713 1477 2747 ut
1528 2693 1682 2745 hostes
1718 2702 1912 2763 ancipiti
1950 2715 2056 2745 con-

404 2769 611 2812 tentione
647 2761 860 2813 distraCn
898 2759 1061 2812 urbem
1115 2760 1496 2816 fideliffimorum
1547 2761 1780 2814 sociorum
1829 2766 2056 2831 relinque·

407 2849 499 2879 rent
529 2865 544 2892 ,
595 2836 641 2881 ἃ
678 2848 834 2880 arcem
876 2833 1070 2894 imperii
1112 2836 1294 2880 munire
1331 2848 1648 2896 cogerentur:
1696 2831 1845 2883 claffis
1893 2849 2053 2883 autem

1833 2898 1987 2949 Thra-
