2389 3408
935 349 1171 420 (LI.)

227 461 434 530 spec'tare
471 460 757 512 videbatur.
807 459 921 526 Quo
956 468 1113 527 magis
1161 468 1308 515 miror
1345 463 1579 518 Caesarem
1616 471 1661 517 in
1698 466 1883 521 summa

225 537 290 582 rei
324 530 629 598 expediendae
667 529 912 581 voluntate
935 562 951 591 ,
1002 530 1092 581 hac
1129 549 1284 584 rerum
1323 534 1674 602 perturbatione
1712 544 1891 604 impen-

228 602 367 652 dente
393 633 410 660 ,
459 596 709 650 declinasse
750 598 998 665 paululum
1024 632 1041 659 ,
1091 605 1139 652 &
1188 602 1265 668 spe
1303 606 1491 672 reliquae
1529 607 1890 674 tranquillitatis

231 667 466 738 praesentes
504 665 681 718 fluctus
716 664 1110 736 tempestatesque
1147 666 1313 722 vitasse
1340 707 1351 719 .
1400 674 1714 743 Quamquam
1752 676 1895 738 hujus

229 736 408 790 confilii
448 741 728 804 incoeptique
763 734 839 787 sua
878 735 979 786 laus
1016 734 1250 789 Caesarem
1287 758 1447 793 manet
1482 743 1757 812 semperque
1796 763 1891 795 ma·

229 806 358 859 nebit
386 841 396 853 .
448 806 689 872 Erumpat
736 812 864 855 enim
899 804 1163 873 aliquando
1199 825 1306 860 vera
1345 809 1424 861 illa
1449 844 1465 873 ,
1513 817 1568 863 a‘c
1622 814 1792 864 Tullio
1829 813 1896 864 di-

236 894 329 941 gna
379 892 509 926 vox:
559 872 790 937 Quandiu
835 871 1025 926 consilia
1081 876 1355 944 Principum
1406 887 1586 931 eventis
1635 884 1896 948 ponderare

237 949 523 1013 pergimus,
573 948 621 994 &
670 946 746 992 cui
791 942 913 996 bene
961 944 1082 1012 quid
1135 947 1406 1012 processerit
1434 981 1450 1010 ,
1499 950 1709 1001 multum
1759 951 1897 1002 illum

233 1010 528 1081 providisse:
577 1017 654 1062 cui
691 1008 816 1064 secus
840 1048 856 1076 ,
905 1013 1023 1063 nihil
1056 1011 1236 1065 sensiffe
1273 1017 1531 1069 dicemus?
1579 1018 1708 1087 quasi
1747 1038 1858 1070 vero
1884 1053 1902 1081 ,

233 1083 353 1132 nihil
402 1080 496 1131 effe
547 1081 807 1143 videatur,
855 1079 938 1133 nisi
985 1082 1242 1144 divinare,
1291 1083 1547 1153 sapientis.
1612 1090 1898 1140 lmmovero

236 1151 332 1201 haec
370 1149 600 1218 palmaria
640 1149 741 1199 laus
775 1150 843 1201 est
880 1153 1112 1219 Principis
1137 1185 1153 1213 ,
1202 1151 1297 1203 haec
1336 1161 1496 1221 poti-or
1520 1189 1536 1218 ,
1585 1161 1631 1206 in
1666 1173 1797 1208 tanta
1835 1173 1899 1209 te-

235 1226 455 1270 meritate
503 1216 738 1278 fortunae,
784 1238 934 1287 quam
983 1239 1126 1271 nemo
1167 1221 1228 1271 de
1263 1220 1407 1289 seipso
1454 1224 1664 1291 praestare
1702 1225 1898 1294 potest’,

234 1286 482 1339 confilium
520 1287 653 1338 suum
680 1318 696 1347 ,
745 1288 878 1354 quod
927 1287 1067 1339 semel
1115 1289 1414 1341 adamaverit
1440 1326 1455 1353 ,
1504 1308 1733 1361 tanquam
1773 1301 1901 1345 navi-

232 1363 368 1421 gium
405 1354 637 1423 aliquod,
663 1370 807 1423 atque
831 1356 1046 1419 cursum,
1086 1374 1269 1409 mutata
1301 1357 1646 1422 velificatione,
1682 1381 1740 1413 ex
1781 1365 1897 1413 Rei-

231 1424 429 1491 publicae
464 1422 744 1490 tempestate
780 1428 1020 1476 moderari
1046 1461 1056 1472 .
1109 1427 1225 1476 Hac
1260 1427 1339 1477 ille
1377 1446 1531 1481 rerum
1569 1431 1894 1499 perspicientia

230 1494 512 1560 solertiaque
555 1494 822 1559 Imperium
860 1497 1084 1545 diuturna
1123 1513 1238 1563 pace
1277 1494 1489 1550 firmavit
1517 1535 1527 1546 .

301 1560 552 1629 Respiciat
587 1569 715 1612 enim
752 1568 849 1624 jam
900 1559 1094 1630 seipsam
1154 1563 1380 1615 Austria:
1433 1568 1597 1619 videat
1647 1567 1891 1637 impofitas

232 1650 360 1682 arces
398 1630 571 1682 finibus
595 1664 610 1691 ,
664 1648 825 1698 portus
860 1634 1076 1694 adjectos
1113 1631 1331 1684 litoribus
1355 1668 1371 1695 ,
1420 1638 1617 1689 indu6³ta
1655 1658 1790 1688 novis
1826 1639 1890 1701 al:

240 1709 339 1751 veis
378 1699 619 1760 flumina,
669 1708 794 1751 invia
845 1719 1087 1753 montium
1138 1700 1412 1769 patefad'ta.
1466 1706 1599 1769 Quid
1650 1707 1890 1775 reliquum

229 1768 299 1819 illi
335 1784 475 1830 erat,
525 1768 658 1836 quod
707 1770 770 1819 ad
820 1769 1017 1836 publicae
1062 1767 1304 1821 felicitatis
1350 1778 1601 1825 cumulum
1639 1793 1720 1826 aut
1757 1792 1890 1842 opta-

231 1853 329 1897 ret,
366 1852 447 1887 aut
486 1834 727 1901 fingeret?
764 1838 1061 1906 Iampridem
1098 1840 1349 1890 CAROLUS
1391 1843 1599 1908 Augusti
1637 1860 1891 1912 tempora,

223 1905 554 1972 §aetat-amque
591 1905 717 1956 illius
753 1915 880 1957 aurei
919 1908 1063 1958 saeculi
1103 1907 1383 1962 felicitatem
1422 1929 1727 1964 revocaverat
1752 1946 1768 1974 ,
1819 1931 1884 1964 re-

228 1975 400 2025 stitutis
449 1981 493 2023 in
545 1973 791 2042 pristinum
843 1976 1141 2043 splendorem
1189 1980 1370 2032 artibus
1421 1986 1674 2044 ingenuis,
1723 1987 1887 2032 accitIS

225 2044 440 2110 undique
479 2049 524 2092 in
568 2043 813 2095 Austriam
840 2079 855 2106 ,
906 2060 958 2095 ut
994 2045 1326 2100 doctrinarum
1374 2049 1680 2101 domzcilium
1707 2084 1723 2112 ,
1776 2056 1889 2101 viris

229 2118 420 2175 ingenio
456 2116 587 2172 juxta
636 2118 683 2164 1&
730 2115 998 2165 eruditione
1049 2115 1409 2183 praeslantibuS,
1460 2134 1564 2170 tum
1612 2119 1887 2187 conquisitis

224 2180 338 2232 orbe
374 2195 479 2231 toto
519 2180 842 2234 voluminibus
877 2183 1020 2234 amsta
1059 2203 1320 2255 ornataque
1363 2186 1577 2238 Palatina
1620 2188 1888 2239 Bibliothe-

227 2268 279 2299 ca
307 2283 322 2310 ,
371 2267 518 2318 quam
557 2249 749 2317 publico
784 2253 1051 2303 commodo
1090 2271 1249 2321 patere
1296 2253 1421 2318 juffit
1446 2293 1457 2303 .
1508 2257 1671 2322 Quam
1723 2258 1888 2308 multiS

226 2319 524 2369 scientiarum
563 2316 899 2385 professoribus
936 2321 1163 2374 attributa
1202 2324 1392 2392 publice
1433 2323 1695 2392 stipendia?
1733 2327 1891 2391 Qan-

227 2404 303 2438 tus
342 2386 699 2437 mathematicis
738 2389 996 2456 disciplinis
1033 2390 1186 2442 honos
1225 2393 1461 2445 habitus?

298 2458 381 2507 Ac
418 2461 594 2506 nemini
627 2463 808 2508 ¹mirum
844 2458 1065 2525 »ρῑοέεᾶὶο
1103 2460 1252 2511 videri
1291 2461 1432 2513 debet
1458 2497 1474 2526 ,
1522 2465 1658 2531 quod
1710 2463 1889 2515 litteras

225 2530 274 2576 δε
321 2524 469 2575 bonas
516 2541 637 2576 artes
687 2525 841 2577 Caesar
889 2525 1118 2579 munifica
1151 2529 1430 2594 ''largitate,
1469 2548 1550 2584 ‘tot
1603 2534 1888 2586 Academiis

222 2599 502 2660 exceperit,
551 2599 598 2647 &
647 2596 709 2646 ad
764 2595 901 2647 Aulae
951 2595 1090 2663 ipsius
1137 2599 1524 2652 consuetudinem
1576 2604 1880 2661 traduxerit,

222 2669 305 2730 qui
343 2662 403 2713 ab
437 2679 648 2715 extrema
687 2671 885 2731 pueritia
927 2664 1018 2732 ipse
1045 2663 1086 2716 se
1122 2683 1280 2719 totum
1307 2670 1399 2721 illis
1425 2671 1707 2732 abdiderat,
1734 2688 1881 2737 quas,

222 2751 314 2782 non
353 2747 404 2782 ut
443 2731 588 2783 solent
627 2739 713 2783 viri
755 2740 989 2801 principes
1016 2768 1031 2794 ,
1070 2735 1373 2799 degustarat,
1413 2746 1458 2791 &
1497 2746 1766 2804 attigerat,
1804 2738 1880 2791 sed

218 2819 276 2850 ex
315 2802 569 2852 reconditis
614 2820 778 2852 earum
828 2801 1095 2870 abditisque
1145 2802 1355 2857 fontibus
1403 2807 1619 2858 haustam
1674 2805 1882 2860 Philoso-

224 2869 344 2935 phiae
367 2904 383 2932 ,
425 2868 707 2924 Matheseos
731 2904 746 2934 ,
786 2871 905 2936 Juris
941 2871 1119 2991 Civllis
1154 2881 1479 2940 cognitionem
1518 2877 1840 2945 multiplicem
1864 2913 1879 2941 ,

1161 2961 1187 2992 2
1637 2947 1818 3012 lingua-
