2446 3408
1111 377 1472 449 (xxm.)

455 491 706 563 repetenda
756 513 763 540 ;
825 492 885 542 ab
937 492 1011 540 his
1061 486 1274 543 fontibus
1323 488 1577 544 CARotus
1634 487 1697 540 ad
1748 490 1870 540 hanc
1921 491 2122 559 Imperii

451 559 761 614 florentissimi
815 558 1232 628 amplitudinem,
1283 577 1397 627 opes
1434 592 1451 620 ,
1503 555 1685 608 famam
1737 558 1879 624 longe
1935 560 2125 630 lateque

449 627 672 684 diffusam
713 626 944 697 profluxit
974 665 985 677 .
1035 631 1199 696 Qare
1230 635 1518 681 omittantur
1557 628 1649 677 alia
1676 659 1693 688 ,
1731 646 1814 694 per
1851 648 1931 681 me
1970 630 2080 682 licet
2104 662 2124 687 ‚

450 718 550 768 quae
599 697 700 750 sunt
750 717 776 749 a
829 699 1055 755 CAROLO
1102 698 1290 751 fortiter
1326 717 1382 749 ac
1419 696 1633 764 praeclare
1683 696 1856 761 gesta,
1905 699 2078 767 quibus
2106 735 2126 764 ‚
2175 750 2187 760 ,

451 785 569 837 dum
618 783 801 829 viveret
825 808 841 835 ‚
890 788 1023 823 aures
1074 769 1234 822 nostrae
1269 765 1534 820 suavissime
1573 764 1907 833 personuerunt
1931 793 1977 832 3-
2008 768 2127 821 sum.

452 872 531 906 ma
582 855 625 900 in
679 844 762 896 illo
798 843 926 894 fuere
966 846 1167 891 omnia:
1221 838 1313 889 hoc
1349 852 1512 887 tamen
1560 853 1587 885 e
1627 836 1791 887 multis
1829 834 1974 902 seligo
1999 873 2016 901 ‚
2069 858 2124 891 ae

450 919 702 991 persequor
740 911 888 964 'nodie
912 944 930 972 ‚
965 908 1101 978 quod
1151 909 1215 959 ad
1255 907 1394 969 huJus
1427 939 1442 966 ,
1486 911 1531 954 in
1571 922 1670 973 quo
1699 902 1939 956 versamur
1975 941 1995 968 ‚
2032 908 2125 961 loci

453 989 755 1045 i‘anCtitatem
806 976 1307 1033 accomodatisfimum
1357 974 1451 1025 esse
1503 973 1654 1025 visum
1704 973 1817 1036 est,
1893 991 2124 1044 tantoque

454 1064 627 1114 caeteris
666 1051 929 1109 illustriuS,
968 1064 1151 1116 quanto
1176 1047 1400 1098 humanis
1440 1042 1576 1096 rebus
1615 1043 1840 1096 omnibus
1877 1045 2143 1111 Religio·‚'

456 1143 637 1199 quanto
675 1125 814 1175 Deus
853 1118 945 1187 ipse
983 1116 1260 1170 hominibus
1296 1098 1560 1166 antecell'it.
1623 1156 1628 1162 .

524 1196 674 1263 QOd
712 1208 762 1244 ut
799 1187 996 1259 quisque
1035 1186 1241 1238 vestrum
1283 1181 1547 1253 planissime
1589 1181 1826 1248 intelligat
1851 1216 1867 1244 ‚
1913 1183 2006 1235 huc
2033 1191 2127 1235 ani.

458 1286 605 1328 mos,
653 1258 846 1330 quaeso‚
894 1254 1119 1324 tantisper
1155 1258 1394 1307 advertite
1422 1287 1432 1299 .
1486 1254 1592 1303 Hic
1642 1252 1764 1303 ordo
1815 1270 1969 1304 rerum
1999 1288 2015 1314 ,
2066 1261 2129 1304 jn.

461 1343 565 1407 quit
605 1328 904 1396 Augustinus
928 1361 944 1389 ‚
994 1345 1021 1376 a
1064 1326 1178 1376 Deo
1214 1323 1413 1374 sancitus
1448 1320 1551 1373 est:
1593 1322 1716 1372 Nati
1757 1321 1857 1372 sunt
1888 1325 2128 1390 Principes

463 1404 667 1459 tutandae
697 1399 991 1463 Religioni3
1029 1410 1078 1445 at
1120 1393 1325 1458 Religio
1365 1388 1457 1459 ipsa
1484 1424 1500 1451 ‚
1549 1389 1663 1441 teste
1706 1390 1858 1443 Paulo
1883 1424 1899 1452 ‚
1954 1394 2129 1445 Princi-

463 1493 578 1546 pum
616 1470 765 1524 tutela
802 1468 910 1528 est3
974 1467 1227 1515 Nimirum
1268 1461 1385 1512 nihil
1434 1460 1502 1511 est
1553 1465 1721 1510 rationi
1759 1458 2125 1514 consentaneum

463 1549 618 1609 magis
643 1575 658 1602 ,
708 1551 946 1606 quamut
988 1535 1197 1600 Imperia
1238 1538 1357 1582 inter
1393 1535 1441 1582 &
1485 1530 1802 1593 Religionem
1842 1527 1989 1582 foedus
2028 1551 2127 1583 mu·

459 1630 599 1666 tuum
625 1628 679 1661 ac
706 1604 1047 1658 sanciiffimum
1088 1600 1347 1652 intercedat
1374 1617 1390 1661 3
1433 1599 1685 1663 Religioni
1714 1597 2005 1651 famulentur
2039 1604 2130 1653 lm·

462 1688 590 1754 peria
616 1714 632 1741 ,
673 1676 968 1743 vicissimque
1009 1674 1330 1740 Imperiorum
1367 1667 1521 1719 custos
1561 1669 1767 1733 Religio
1794 1666 1846 1718 fit
1873 1704 1889 1730 ,
1932 1669 2130 1722 firmiffi.

463 1766 696 1818 mumque
748 1743 1045 1814 praefidium.
1110 1740 1343 1793 Constare
1392 1737 1521 1788 suam
1573 1738 1684 1788 huic
1734 1739 1928 1790 oraculo
1980 1738 2127 1791 fidem

463 1823 755 1874 documento
789 1813 856 1864 est
883 1812 1137 1866 CAROLUS
1179 1811 1274 1860 VI·
1316 1810 1630 1862 IMPERATOR
1658 1841 1669 1851 ·
1734 1810 1839 1867 Ajo
1890 1817 2128 1859 neminem

466 1895 685 1943 omnium
724 1880 929 1936 extitiffe
955 1914 971 1942 ,
1022 1885 1104 1947 qui
1147 1879 1261 1929 Deo
1294 1877 1398 1946 plus
1443 1873 1615 1925 debeat
1642 1909 1658 1937 ‚
1709 1881 1841 1937 cujus
1867 1876 2130 1928 adolescen-

464 1967 586 2012 tiam
622 1972 724 2008 tarn
765 1950 979 2021 praeclara
1025 1955 1324 2016 optimorum
1364 1960 1614 2013 parentum
1663 1943 1954 1996 institutione
1992 1948 2132 1999 Deus

462 2027 671 2081 excoluit
696 2057 713 2086 ‚
761 2038 834 2074 tot
883 2026 1117 2072 virtutum
1157 2015 1367 2086 praesidio
1406 2019 1613 2065 munivit
1638 2048 1653 2076 ,
1704 2030 1806 2065 tam
1849 2021 1990 2066 variis
2040 2017 2129 2067 ior.

465 2116 586 2150 tunae
619 2092 799 2146 casibus
834 2094 1041 2141 exercuit
1068 2121 1083 2149 ,
1145 2103 1195 2138 ut
1234 2085 1326 2137 hoc
1363 2083 1494 2135 velut
1531 2089 1755 2134 tirocinio
1791 2083 1999 2140 Cimon
2038 2092 2132 2136 ani.

465 2184 602 2219 mum
644 2166 780 2214 Deus
816 2156 1063 2224 effingeret
1118 2157 1331 2222 Imperio
1387 2170 1596 2221 parem3
1653 2158 1784 2213 cujus
1845 2154 2019 2204 deinde
2067 2156 2130 2206 ad

467 2238 738 2302 Imperium
777 2226 1036 2298 progressio
1074 2223 1373 2275 admirabilis
1422 2217 1806 2289 incredibilisque
1845 2223 1999 2273 cursus
2037 2225 2132 2290 pla-

467 2324 524 2355 ne
572 2301 780 2354 declarat
830 2299 1036 2352 CAROLI
1087 2292 1363 2344 felicitatem
1415 2310 1506 2341 non
1556 2306 1655 2340 tam
1696 2290 1915 2342 humanis
1954 2292 2133 2344 viribus

468 2380 514 2425 δέ
552 2368 757 2422 consiliis
780 2401 795 2429 ,
833 2384 979 2434 quarn
1016 2361 1184 2414 cozlesti
1221 2361 1436 2430 quodam
1476 2357 1708 2431 beneficio
1758 2358 1893 2411 fuifle
1940 2371 2133 2429 compa-

469 2458 623 2492 ratam
650 2475 661 2486 .
701 2440 819 2488 Hoc
859 2442 1067 2502 primum
1095 2468 1106 2480 .
1147 2437 1249 2493 Aio
1288 2437 1526 2481 neminem
1565 2428 1729 2490 luiss'e,
1767 2435 1850 2497 qui
1891 2430 1995 2496 plus
2033 2433 2135 2482 red-

469 2511 647 2562 diderit
677 2507 822 2565 Deo‚
859 2520 1002 2572 atque
1026 2502 1148 2552 adeo
1180 2501 1463 2565 Religioni,
1490 2504 1565 2548 cui
1597 2504 1851 2566 imperium
1881 2500 2134 2555 CAROLUS

471 2589 535 2630 ita
572 2577 762 2628 addixit
788 2608 804 2635 ,
854 2589 905 2623 ut
949 2572 1027 2621 illa
1069 2569 1270 2637 praeess'et
1297 2603 1314 2630 ‚
1365 2569 1643 2635 molemque
1681 2573 1830 2618 totius
1871 2567 2135 2619 Austriacae

474 2651 672 2699 ditionis
707 2650 849 2694 cieret
890 2657 1022 2699 una3
1065 2657 1212 2705 quam
1264 2639 1469 2705 denique
1524 2651 1598 2686 tot
1649 2633 1783 2686 sacris
1819 2638 2135 2704 expeditioni-

474 2719 560 2770 bus
586 2750 603 2778 ,
640 2709 934 2765 {andtiffimis
971 2708 1152 2772 legibus
1178 2741 1195 2768 ,
1234 2705 1677 2772 institutoquevitae
1712 2706 1775 2756 ad
1813 2724 2008 2757 omnem
2032 2713 2137 2755 vir·

470 2791 587 2837 tutis
623 2790 672 2836 &
709 2778 860 2833 officii
899 2779 1117 2842 regulam
1154 2774 1418 2826 constanter
1455 2773 1633 2825 exacta:
1672 2772 2011 2839 religiosiffime
2061 2793 2135 2824 co·

476 2857 603 2914 luit,
639 2857 802 2912 auxit,
841 2853 1063 2900 ornavit.
1115 2847 1234 2897 Hoc
1273 2850 1360 2894 erit
1397 2843 1600 2895 alterum
1642 2842 1875 2911 bipartitae
1911 2849 2136 2894 orationis

474 2937 618 2989 eaput
656 2919 778 2971 mihi
816 2911 1110 2983 propositum
1155 2914 1214 2964 ad
1260 2913 1542 2963 dicendum.
1955 2933 1962 2940 -
2066 2912 2070 2935 2

1988 2983 2066 3033 Ac
