2389 3408
1022 308 1503 379 (xxxvi)

448 423 733 496 Europam,
770 438 915 491 atque
954 426 1004 473 in
1029 420 1284 473 Austriam
1320 436 1684 489 erumpentem,
1719 425 1837 490 'aegre
1863 420 2023 491 saepius
2060 445 2124 478 re-

447 494 626 562 pulsam
673 529 688 555 ,
763 499 808 544 <Sc
861 490 1127 543 cervicibus
1177 489 1478 542 interclusam
1552 491 1640 544 suis
1702 500 1784 545 vix
1851 491 2123 545 sustinerent

450 567 767 632 Imperatores
819 560 1005 614 Austrii
1041 593 1057 621 ,
1103 559 1286 628 semper
1322 561 1427 611 illas
1472 567 1687 612 nationes
1726 596 1742 625 ,
1789 581 1902 615 cum
1952 563 2125 631 quibus

448 646 582 684 antea
629 649 830 700 quoque
877 636 1168 682 continentia
1220 629 1343 680 bella
1395 629 1742 682 intercesserant
1779 666 1796 695 ,
1847 631 2128 684 refutandas

451 709 606 767 potius
653 707 803 751 armis
851 734 867 762 ,
937 718 1088 768 quam
1141 696 1429 750 lacessendas
1464 716 1751 767 putaverunt
1800 720 1818 762 3
1895 701 1997 769 Ipse
2036 701 2118 753 ille

454 771 734 839 Leopoldus
773 771 943 830 Pater,
981 774 1114 830 cujus
1152 768 1315 818 divina
1352 785 1498 836 atque
1534 775 1712 821 eximia
1751 778 1900 823 virtus
1938 777 2124 835 magnis

450 844 732 893 Germanici
779 842 975 905 lmperii
1018 836 1225 888 luCtibus
1264 836 1597 905 funeribusque
1633 837 1848 890 subvenit
1874 874 1891 902 ,
1931 837 2124 890 influen-

450 931 518 962 tes
568 917 613 960 in
665 906 917 961 Austriam
966 907 1247 970 Turcarum-
1289 913 1527 958 maximas
1577 914 1741 977 copias
1777 909 1839 960 ad
1881 909 2122 959 Viennam

452 988 617 1048 utique
657 975 894 1045 repreffit,
934 982 1167 1028 contrivit
1202 1009 1218 1036 ,
1267 976 1506 1043 compulit
1543 995 1559 1036 3
1608 987 1687 1028 vix
1725 975 1818 1045 ipse
1855 978 1919 1028 ad
1954 996 2123 1028 eorum

453 1050 589 1103 urbes
625 1043 842 1113 sedesque
881 1045 1012 1096 brevi
1060 1063 1114 1096 ac
1151 1045 1303 1095 subita
1355 1043 1623 1097 excursione
1668 1054 1978 1115 penetravit,
2026 1065 2125 1097 mo-

453 1121 518 1170 do
566 1113 793 1183 Iosephus
840 1115 1009 1165 Frater
1056 1111 1334 1166 fortiffimus
1387 1117 1660 1183 Imperator
1719 1132 1881 1168 ortum
1930 1130 2122 1183 repente

455 1187 634 1240 bellum
674 1187 1016 1248 Huugarieum
1043 1216 1058 1241 ‚
1105 1198 1251 1256 atque
1290 1181 1546 1251 improvisa
1585 1184 1667 1235 illa
1692 1191 2020 1247 conjurati0ne
2046 1202 2121 1234 ex-

456 1266 657 1309 citatum
698 1260 891 1305 minutis
929 1252 1098 1318 procliis
1134 1252 1334 1316 {regerat
1360 1286 1377 1314 ,
1424 1258 1474 1305 δε
1508 1271 1562 1303 ea
1602 1253 1807 1305 vid‘toria
1843 1269 2121 1315 contentuS,

458 1330 716 1390 Hungaria
753 1340 885 1373 metu
925 1321 1152 1381 liberata,
1189 1326 1466 1387 quieverat.

525 1396 756 1454 Etenim,
793 1407 940 1459 quam
981 1390 1231 1450 volumus,
1272 1390 1382 1440 licet
1419 1425 1435 1452 ,
1487 1387 1573 1456 ipsi
1609 1409 1693 1441 nos
1728 1408 1952 1442 amemus
1994 1407 2011 1450 3
2057 1405 2122 1440 ta-

458 1483 565 1515 men
603 1469 708 1530 quis
745 1461 809 1512 est
848 1476 948 1510 tarn
987 1465 1176 1522 ignarus
1213 1477 1402 1519 rerum,
1440 1467 1522 1526 qui
1562 1478 1654 1510 non
1692 1460 1930 1524 intelligat
1971 1457 2121 1508 Caesa-

456 1552 560 1585 rum
608 1550 722 1598 opes
768 1529 942 1580 alendo
1001 1529 1180 1578 diutius
1229 1528 1568 1595 inferendoque
1628 1527 1756 1580 bello
1815 1545 2125 1595 nequaquam

455 1620 588 1670 pares
624 1599 742 1651 olim
778 1597 912 1649 fuisse
950 1598 967 1642 ?
1017 1599 1092 1648 At
1133 1598 1417 1664 Imperatori
1456 1598 1681 1652 CAROLO
1718 1616 1870 1666 neque
1905 1603 2125 1651 animus,

455 1688 605 1738 neque
642 1666 868 1727 facultaS,
904 1682 1054 1732 neque
1091 1680 1313 1731 tempora
1350 1663 1645 1725 defuerunt,
1682 1673 1940 1733 quominus
1977 1683 2124 1729 grave

455 1751 519 1792 ac·
546 1739 825 1790 diuturnum
863 1734 1044 1785 bellum
1092 1733 1324 1785 conficere
1358 1752 1385 1784 e
1422 1732 1647 1784 sententia
1696 1732 1848 1801 posset
1875 1771 1888 1781 .
1938 1734 2118 1800 Neque

455 1815 584 1861 enim
622 1807 747 1857 illius
775 1821 858 1872 par
888 1802 1105 1854 conditio
1130 1820 1274 1872 atque
1303 1803 1498 1854 illorum
1537 1800 1718 1853 fuerat·
1754 1803 1946 1868 Quotus
1982 1808 2115 1852 enim

460 1875 656 1946 quisque
684 1874 926 1926 Caesarum
962 1869 1080 1933 fuit,
1115 1892 1173 1923 ex
1210 1878 1343 1923 omni
1383 1877 1620 1922 memoria
1639 1873 1922 1922 Germanici
1956 1872 2114 1938 lmpe·

459 1954 542 2007 rii,
579 1951 661 2014 qui
698 1963 809 1995 cum
848 1944 1074 1997 CAROLO
1102 1943 1198 1994 VI.
1233 1957 1316 1992 aut
1353 1958 1611 2006 regnorum
1640 1941 1994 2008 amplitudine,
2029 1956 2114 1990 aut

458 2015 771 2080 vectigalium
808 2018 976 2080 copia,
1015 2027 1098 2062 aut
1156 2010 1371 2062 militurn
1411 2028 1638 2070 numero,
1676 2010 1874 2071 robore,
1913 2008 2117 2075 dilcipli-

458 2106 515 2135 na
553 2090 722 2151 aequari
759 2082 1056 2147 conferrique
1094 2077 1277 2148 posset?
1313 2095 1365 2130 ut
1403 2077 1508 2129 satis
1545 2085 1643 2140 iam
1678 2078 1858 2130 constet
1897 2079 2120 2128 divinam

459 2155 820 2204 Providentiam
857 2148 1078 2201 adversus
1112 2166 1421 2200 communem
1459 2154 1682 2198 omnium
1733 2146 1920 2197 hostem
1956 2178 1972 2207 ,
2020 2164 2122 2213 quo

458 2239 674 2289 tempore
713 2219 922 2270 secundis
962 2218 1096 2269 rebus
1133 2219 1264 2268 ferox
1287 2216 1390 2267 orbi
1418 2215 1682 2267 Catholico
1706 2232 1916 2266 extrema
1955 2223 2122 2267 omnia

459 2296 687 2342 metuenti
726 2287 1009 2339 imminebat
1056 2321 1073 2348 ,
1138 2288 1487 2354 Imperatorem
1536 2291 1755 2337 omnium
1794 2290 2065 2336 maximum
2100 2317 2120 2346 ,

459 2357 678 2420 objecisse
704 2391 720 2418 ,
767 2363 850 2423 qui
900 2376 991 2407 non
1029 2356 1178 2406 modo
1218 2352 1415 2420 insigma
1455 2354 1666 2405 victoriae
1690 2389 1706 2417 ,
1742 2352 1821 2406 sed
1858 2352 2121 2405 victoriam

461 2427 610 2497 ipsam
648 2426 707 2476 ab
747 2423 1044 2476 infensiffimo
1083 2426 1317 2489 Tyranno
1355 2440 1644 2492 reportaret-

530 2498 844 2562 Quamquam
881 2528 896 2554 ,
945 2511 997 2545 ut
1044 2510 1203 2544 caetera
1252 2490 1461 2545 deessent
1499 2526 1515 2554 ,
1563 2511 1665 2561 quae
1712 2491 1985 2548 CAROLUM
2033 2500 2141 2559 pro'

461 2574 604 2615 tantis
651 2564 821 2631 opibus
880 2578 1107 2630 tantaque
1152 2564 1388 2627 dignitate
1431 2564 1630 2629 Imperii
1678 2561 1741 2612 ad
1790 2560 1973 2612 bellum
2026 2561 2118 2610 hoc

467 2633 811 2701 suscipiendum
847 2629 1294 2699 conficiendumque
1332 2631 1631 2699 impellerent
1658 2664 1674 2692 ,
1721 2629 1986 2681 accedebat
2019 2646 2119 2693 gra-

465 2711 535 2754 vis
588 2703 667 2752 illa
718 2719 828 2751 cura
865 2706 913 2751 &
951 2697 1221 2751 sollicitudo
1269 2701 1415 2763 digna
1467 2702 1764 2768 Imperatore
1813 2699 2119 2758 Catholico,

463 2773 608 2835 digna
642 2767 837 2821 consilio
877 2771 1105 2837 Principis
1143 2775 1188 2818 in
1226 2768 1467 2836 posterum
1504 2787 1652 2836 quam
1702 2766 1968 2833 longiffime
2017 2783 2120 2833 pro·

466 2839 738 2906 spic-ientiS.
790 2837 1094 2902 Intelligebat
1145 2844 1373 2888 nimirum
1424 2840 1623 2904 Imperii
1675 2835 1789 2887 fines
1837 2841 2118 2899 neutiquam

1953 2918 2051 2955 mu·
