2446 3408
1123 341 1553 412 (xxxu.)

517 475 720 528 quorum
759 453 885 507 aestus
909 485 925 513 ,
975 469 1026 506 ut
1065 458 1108 504 in
1146 455 1282 506 bellis
1316 451 1538 506 civilibus
1575 450 1815 505 usuvenire
1852 452 1966 504 solet
1990 487 2005 516 ‚
2054 475 2159 506 non·

515 533 632 579 dum
671 531 854 592 penitus
891 521 1185 574 deferbuerat
1212 560 1223 572 .
1277 525 1395 575 Erat
1433 529 1552 573 inter
1589 525 1830 590 Principes
1868 530 1992 573 viros
2030 531 2162 573 mini-

517 614 594 647 me
630 594 819 644 obscura
858 589 1116 655 dissenfio5
1165 592 1354 644 diversae
1387 598 1534 643 etiam
1563 592 1830 643 voluntates
1869 592 2157 660 populorum

516 661 696 714 fuerant
758 660 1083 729 dislraciaeque
1130 662 1410 722 sententiae5
1471 680 1561 712 non
1622 669 1748 714 enim
1802 669 1951 711 armis
2005 661 2157 712 solum

513 738 560 783 &
596 730 795 791 castris,
846 729 922 780 sed
974 731 1138 781 studiis
1184 738 1332 782 etiam
1381 728 1702 782 diffidebant.
1757 730 2011 781 perfuncta
2059 749 2160 781 erat

516 799 752 866 Hispania
790 801 959 850 misero
993 799 1221 867 fatalique
1260 799 1428 860 bello3
1464 815 1512 849 at
1552 801 1808 850 verendum
1835 817 1934 850 erat
1964 835 1978 861 ,
2014 819 2068 850 ne
2095 819 2160 849 ar-

514 874 604 919 mis
642 869 713 918 vel
752 866 913 935 positis
938 902 953 930 ,
992 869 1064 919 vel
1102 876 1274 935 ereptis
1309 875 1523 919 animum
1562 869 1774 937 plerique
1813 876 2060 919 retinerent
2097 888 2162 919 ar-

515 954 700 988 matum
727 972 737 983 .
775 937 892 1001 Qiae
927 954 1087 988 tamen
1124 945 1284 989 omnia
1323 938 1575 994 CAROLUS
1615 938 1867 988 clementia
1909 946 1969 988 ita
2010 937 2163 988 restin-

515 1012 624 1067 xit,
675 1022 725 1056 ut
774 1025 874 1073 quae
922 1013 967 1055 in
1016 1004 1247 1068 ejusmodi
1301 1006 1514 1057 viC'toriis
1562 1006 1744 1073 semper
1793 1009 2045 1068 vidimuS,
2104 1027 2159 1057 ea

515 1077 740 1130 CAROLO
781 1075 964 1124 vidiore
1001 1094 1142 1126 nemo
1179 1073 1393 1127 senserit.
1446 1077 1577 1140 Quid
1627 1084 1756 1128 enim
1795 1093 1894 1127 tam
1931 1083 2158 1143 cuiquam

517 1143 704 1194 insitum
765 1160 908 1211 atque
946 1142 1147 1195 infixum
1186 1144 1272 1196 fuit
1302 1178 1317 1206 ‚
1367 1164 1512 1212 quam
1550 1151 1649 1205 ejus
1688 1162 1860 1195 naturae
1899 1148 2158 1197 mansuetu-

513 1213 580 1263 do
618 1231 761 1281 atque
798 1213 1113 1265 humanitas?
1151 1215 1271 1279 Quis
1309 1221 1493 1281 optime
1530 1216 1589 1264 de
1628 1213 1668 1265 se
1707 1220 1900 1264 meritos
1926 1232 2028 1265 tam
2058 1233 2158 1282 pro-

513 1281 605 1332 lixe
643 1283 990 1348 liberaliterque
1030 1298 1351 1334 remuneratus
1384 1283 1450 1333 eiii
1476 1319 1490 1345 ,
1529 1302 1675 1350 quam
1719 1292 1753 1333 is
1792 1282 1986 1334 infensos
2012 1303 2158 1351 quon-

512 1350 627 1400 dam
653 1385 669 1412 ,
717 1367 860 1419 atque
902 1356 1115 1402 inimicos
1152 1352 1370 1404 homines
1408 1352 1487 1404 sibi
1536 1350 1834 1419 ampliffimis
1873 1352 2114 1404 beneficiis
2139 1387 2155 1413 ,

514 1437 660 1487 atque
698 1419 1026 1471 honestissimis
1060 1422 1413 1474 conditionibus
1450 1424 1698 1473 devinxit?
1734 1421 1921 1485 Quibus
1947 1421 2157 1482 artibus,

510 1490 654 1555 quale
691 1497 734 1538 in
773 1491 997 1545 CAROLO
1037 1497 1205 1558 pignus
1242 1493 1404 1544 suturae
1441 1492 1679 1542 felicitatis
1719 1493 1947 1540 divinitus
1984 1491 2155 1540 datum

509 1558 694 1608 summo
734 1555 976 1626 Hispaniae
1011 1577 1226 1627 tempore
1265 1561 1530 1622 videietur,
1568 1564 1686 1628 quid
1726 1578 1800 1609 me
1836 1565 2004 1609 attinet
2028 1577 2160 1610 com·

513 1633 819 1677 memorare?
863 1627 1146 1696 Vosmetipsi
1187 1628 1426 1683 vobiscum
1468 1638 1823 1681 recordamini.

580 1696 780 1763 Jamque
817 1712 889 1746 tot
927 1696 1161 1749 bellorum
1200 1700 1327 1751 aestus
1363 1697 1561 1750 feliciter
1612 1701 1885 1754 CAROLUM
1922 1715 2159 1766 psaetesve·

511 1764 647 1816 &um
688 1766 885 1830 Regem
923 1765 1202 1818 salutaverat
1245 1768 1477 1833 Hispania
1515 1803 1526 1813 .
1601 1768 1851 1818 Nimirum
1916 1784 1987 1817 tot
2035 1784 2157 1818 terra

508 1840 724 1901 marique
760 1834 997 1886 exhaustis
1034 1837 1272 1888 laboribus
1296 1873 1311 1898 ,
1349 1835 1568 1904 desponsa
1605 1843 1701 1897 Jam
1742 1836 1809 1886 illi
1849 1854 1902 1886 ac
1927 1836 2158 1887 destinata

509 1919 638 1952 tanta
688 1901 886 1953 felicitas
938 1905 1218 1956 videbatur.
1284 1910 1402 1958 Huc
1452 1912 1701 1970 tergemini
1754 1904 1936 1956 foederis
1995 1924 2109 1972 opes
2140 1939 2157 1966 ,

507 1969 672 2021 classes
697 2006 711 2032 ,
751 1971 842 2022 buc
881 1973 1064 2041 Joseplii
1106 1977 1283 2025 Fratris
1344 1992 1454 2025 vota
1492 2010 1506 2036 ,
1558 1972 1656 2041 spes
1681 2009 1696 2035 ,
1734 1976 1984 2025 auxiliares
2007 1981 2154 2042 copiae

507 2040 897 2092 collineaveiant.
952 2049 1024 2094 At
1060 2063 1166 2095 ecce
1204 2045 1289 2095 tibi
1327 2046 1471 2095 altera
1507 2051 1604 2106 jam
1643 2045 1867 2100 CAROLO
1906 2062 2060 2095 rerum
2098 2043 2157 2092 se·

511 2116 597 2159 ries
636 2108 832 2162 nascitur
869 2131 1002 2162 novis
1026 2119 1171 2163 etiam
1203 2115 1434 2181 impedita
1464 2110 1852 2165 difficultatibus.
1892 2114 2005 2178 Qo
2032 2112 2155 2163 mihi

514 2185 609 2239 iam
649 2180 832 2244 planius
866 2180 1045 2232 constat
1084 2188 1128 2230 in
1170 2183 1252 2233 illo
1290 2203 1383 2234 uno
1429 2191 1638 2233 maxime
1675 2199 1961 2249 occupatam
2001 2183 2151 2233 videri

512 2248 710 2298 voluiii'e
749 2249 881 2298 illam
921 2268 1073 2300 rerum
1100 2250 1417 2302 humanarum
1448 2252 1845 2313 moderatricem,
1885 2251 2016 2301 illam
2059 2253 2156 2300 Re·

514 2334 715 2378 {anorum
764 2317 990 2368 arbitram
1051 2322 1396 2388 dominamque
1455 2319 1648 2371 fortunae
1729 2322 1945 2372 divinam
1999 2323 2157 2370 Provi-

516 2389 727 2436 dentiam
755 2421 769 2448 ,
817 2394 946 2449 cuius
982 2388 1169 2439 consilia
1210 2399 1254 2440 iii
1295 2389 1384 2440 hac
1421 2390 1828 2441 administratione
1856 2424 1872 2451 ,
1922 2407 2156 2456 motuque

515 2472 758 2505 armorum
802 2457 937 2522 plane
974 2458 1138 2509 abdita
1165 2493 1180 2520 ,
1229 2462 1288 2512 ab
1340 2459 1553 2511 instituto
1600 2464 1698 2521 iam
1748 2458 1879 2510 cursu
1918 2458 2153 2509 retroacffta

516 2522 668 2573 subito
695 2523 825 2575 flecti
852 2559 868 2585 ,
906 2533 950 2579 ὅ(
989 2534 1247 2594 circumagi
1288 2530 1497 2580 vidimus
1524 2563 1540 2589 ,
1578 2535 1626 2581 <Sc
1670 2528 1814 2579 aliam
1858 2526 2039 2595 prorsus
2075 2534 2155 2577 ini·

516 2613 561 2641 re
591 2599 716 2642 viam
744 2627 758 2654 ,
795 2613 946 2661 eoque
971 2598 1172 2648 evadere
1197 2631 1212 2658 ,
1250 2617 1349 2666 quo
1387 2617 1527 2649 nemo
1554 2597 1752 2664 putabat
1777 2635 1788 2644 .
1843 2598 2014 2647 Nolite
2042 2614 2156 2663 quae·

512 2661 559 2711 so
585 2681 610 2711 a
641 2681 716 2712 me
740 2672 1105 2715 commemorari
1137 2667 1254 2717 velle
1280 2702 1295 2727 ,
1334 2685 1480 2735 quam
1512 2686 1631 2730 vaga
1663 2666 1816 2718 rursus
1846 2665 2156 2731 volubilisque

513 2729 655 2780 fuerit
684 2732 809 2782 illius
840 2730 1023 2784 fortuna
1051 2766 1066 2794 ,
1105 2754 1206 2802 quae
1244 2736 1457 2802 prospera
1485 2733 1689 2787 adversis
1714 2753 1963 2787 momento
1989 2744 2158 2784 intexe·

514 2817 582 2848 ret
621 2819 675 2849 ac
715 2799 924 2852 misceret
949 2839 959 2849 .
1002 2802 1351 2867 Tergeminum
1395 2824 1534 2868 porro
1573 2805 1690 2855 illud
1718 2802 1864 2856 foedus
1890 2839 1905 2866 ‚
1943 2819 2015 2854 tot
2040 2808 2156 2863 jura-

516 2885 619 2918 tum
647 2872 835 2936 populis
860 2904 876 2933 ,
914 2888 1013 2923 tam
1043 2873 1205 2924 multis
1231 2873 1511 2926 obstrictum
1555 2874 1752 2925 vinculis
1778 2908 1792 2935 2
1833 2893 1930 2940 quo
1947 2889 2060 2988 hupo
2087 2887 2154 2919 res

1985 2958 1994 2987 i
2018 2956 2091 3005 pa-
