2389 3408
811 382 1260 458 (XLV11.)

204 498 333 567 vipsa,
367 513 469 567 quae
505 495 723 559 obiacent
771 499 903 550 litori
944 495 1211 569 Austriaco-
1249 501 1400 551 maria
1436 502 1700 550 'mutatam
1759 510 1875 555 tem?-

202 588 374 637 porum
410 570 737 634 conditionem
790 567 1013 623 videntur
1059 565 1350 631 agnoscere,
1398 586 1454 620 ac
1506 567 1872 620 innumerabiles

205 640 311 689 illas
355 643 538 688 carinas
586 637 858 697 admirari,
920 635 1096 704 quibus
1151 654 1232 687 ora
1283 638 1380 688 haec
1427 644 1584 689 omnis
1631 642 1876 700 maritima

206 708 502 776 praet-exitum
538 723 650 757 cum
688 707 751 756 ad
779 705 1152 770 Tergellinum‚
1188 710 1237 758 &
1266 706 1619 758 Fluminensem
1650 723 1876 775 portum,

211 794 470 844 utrumqne
508 773 876 839 celeberrimum
925 791 1071 845 atque
1120 772 1442 842 plenissimum
1480 783 1675 827 navium
1704 810 1720 839 ‚
1770 794 1881 826 nun-

210 848 434 899 dinarum
474 840 724 911 prasertim
761 861 1011 912 tempore,
1047 843 1108 895 ab
1142 843 1277 895 ltalia
1318 862 1400 911 per
1441 846 1659 907 Padum,
1693 865 1721 896 a
1757 846 1881 898 Ger⁴²

211 922 372 968 mania
409 931 491 983 per
529 920 735 983 minores
773 912 950 965 fluvios
986 913 1104 967 bene
1141 913 1350 975 multos,
1385 933 1444 966 ex
1486 915 1730 977 Albania,
1763 912 1884 965 Dal-

213 993 365 1036 matia
406 1018 423 1046 ‚
493 985 754 1046 Smyrnis,
803 984 1092 1048 Byzantio,
1145 981 1356 1051 Asiaque
1406 1000 1506 1035 tota
1559 1002 1640 1052 per
1688 982 1879 1039 vastum

216 1052 378 1105 sensim
439 1051 700 1118 allabentjs
754 1053 1003 1107 Adriatici
1062 1050 1213 1104 finum
1292 1060 1528 1121 peregrini
1592 1069 1880 1105 mercatores

212 1121 487 1175 confluunt.
648 1134 652 1135 ⁷

287 1193 516 1242 indidem
553 1188 649 1253 est,
698 1195 747 1244 <Sc
781 1208 839 1242 ex
875 1190 1086 1254 eiusdem
1125 1195 1318 1259 pietatis
1342 1223 1359 1251 9
1406 1196 1456 1243 δι
1502 1195 1714 1243 caritatis
1749 1187 1882 1241 fonte

221 1259 528 1328 profeCmm,
565 1259 699 1327 quod
735 1259 929 1326 publico
963 1260 1092 1312 bono
1127 1267 1254 1311 cavit
1292 1255 1537 1327 sanxitque
1586 1260 1691 1323 lege
1739 1260 1833 1310 lata
1858 1292 1877 1320 9

212 1348 267 1396 ut
308 1350 363 1381 ne
399 1336 628 1397 cuiquam
664 1326 817 1380 otioso
854 1345 936 1381 aut
974 1348 1102 1395 vago
1137 1327 1232 1380 effe
1282 1328 1444 1379 liceret
1470 1362 1485 1390 ‚
1537 1328 1739 1396 publicis
1789 1347 1888 1379 mo-

215 1399 346 1451 ribus
381 1418 435 1450 ac
475 1397 661 1463 legibus
698 1397 932 1450 defidiam
973 1399 1119 1466 plecZ'ti
1157 1396 1325 1461 juffit3
1376 1415 1475 1465 quo
1512 1397 1630 1449 nihil
1667 1399 1890 1448 conduci-

218 1469 361 1521 bilius
399 1467 461 1519 ad
501 1465 673 1517 infimae
711 1468 864 1535 plebis
901 1474 1115 1537 inopiam
1153 1467 1493 1519 sublevandam
1521 1466 1888 1534 acuendamque

212 1538 497 1601 industriam
526 1573 536 1583 ·
574 1537 691 1588 Hac
728 1537 788 1587 de
824 1535 960 1589 causa
999 1538 1200 1606 publicis
1238 1537 1509 1589 muniendis
1547 1542 1636 1589 viis
1670 1543 1891 1588 animum

215 1607 391 1669 adiecit
419 1640 435 1668 ,
470 1625 525 1657 ea
564 1605 818 1658 molitione
854 1605 1172 1678 sumptuque,
1212 1623 1264 1659 ut
1308 1609 1592 1658 Romanam
1630 1612 1675 1657 in
1712 1626 1771 1658 eo
1807 1623 1884 1671 ge-

211 1695 322 1728 ·nere
361 1673 775 1741 magnificentiam
814 1695 906 1728 non
946 1687 1157 1746 requiras
1182 1712 1194 1724 .
1245 1676 1382 1727 Nam
1432 1694 1532 1745 quo
1578 1678 1891 1727 commodior

216 1752 262 1795 in
299 1752 395 1796 oris
445 1750 704 1795 maritimis
751 1745 813 1795 ab
852 1745 965 1797 urbe
1001 1751 1281 1799 commercii
1322 1752 1534 1813 principe
1570 1746 1634 1797 ad
1685 1744 1892 1812 reliquas

216 1817 419 1882 Imperii
461 1830 614 1881 partes
650 1832 951 1872 commeatus
975 1850 992 1878 ,
1041 1822 1090 1869 ὅ(
1130 1821 1259 1883 pacis
1294 1814 1556 1866 commoda
1595 1816 1894 1866 traduceren-

216 1885 337 1946 tur,
387 1882 647 1944 interiectis
708 1884 975 1950 pontibus,
1024 1904 1163 1952 rupes
1212 1884 1409 1950 rupibus
1456 1882 1742 1946 commisit,
1793 1888 1894 1934 vias

222 1954 437 2020 publicas
473 1958 707 2019 aequavit,
745 1957 1078 2022 quadratoque
1118 1953 1278 2020 lapide
1317 1958 1524 2004 munivit
1551 1987 1566 2014 ,
1615 1969 1720 2004 tum
1747 1986 1764 2014 ‚
1810 1968 1896 2003 aut

216 2022 377 2080 iraenos
428 2027 584 2083 iniecit
635 2019 795 2072 fluviis
830 2056 846 2084 ‚
893 2023 1124 2092 cursuque
1173 2021 1391 2089 aequabili
1443 2023 1706 2072 indomitos
1755 2037 1896 2072 antea

214 2090 457 2151 Jxlucam,
495 2096 541 2142 ὅ(
583 2090 803 2155 Begam,
842 2091 1038 2143 Caesaris
1075 2098 1265 2158 ingenio
1301 2111 1355 2143 ac
1394 2089 1727 2142 munificentiae
1774 2089 1900 2146 obse·

218 2167 302 2228 qui
341 2163 505 2213 docuit
532 2192 548 2220 ‚
585 2176 667 2211 aut
705 2161 768 2211 ad
806 2159 1125 2213 subvec'tionis
1172 2160 1528 2229 evectionisque
1577 2160 1899 2213 commodita-

214 2247 314 2281 tem
353 2228 639 2281 diduciione
675 2248 912 2298 aquarum
952 2232 1160 2282 mirabili
1208 2231 1396 2281 canales
1448 2232 1645 2281 navium
1697 2247 1897 2296 capaces

219 2306 265 2349 in
305 2295 607 2359 Tloemefia,
655 2305 704 2351 &
759 2298 995 2351 Valachia
1056 2298 1404 2362 effodiendos‚
1453 2298 1678 2368 facilique
1728 2295 1899 2366 illapsu

215 2387 327 2419 cum
369 2365 603 2419 Danubio
638 2370 994 2433 conjungendos
1029 2378 1246 2431 curavit,
1283 2385 1335 2420 ut
1372 2369 1554 2420 alendis
1592 2367 1786 2421 urbibus
1836 2386 1900 2418 re-

218 2456 325 2488 rum
375 2442 597 2488 omnium
645 2444 838 2504 copiam
872 2472 889 2500 ,
950 2437 1169 2491 fovendis
1230 2437 1411 2490 artibus
1461 2444 1731 2508 peregrinas
1779 2456 1895 2505 opes

222 2504 524 2570 inveherent.

241 2628 242 2631 ,
291 2579 371 2628 Ac
409 2575 710 2643 publicarum
748 2579 935 2627 viarum
975 2575 1167 2627 molitio
1204 2574 1294 2628 fuit
1330 2574 1610 2638 ejusmodi,
1648 2592 1699 2627 ut
1736 2575 1836 2626 aliae
1871 2594 1899 2627 a

221 2650 481 2696 maritimis
530 2645 762 2711 portubus
810 2663 893 2713 per
955 2645 1267 2696 Carinthiam
1317 2647 1380 2697 ad
1432 2649 1676 2710 Styriacos
1728 2643 1844 2693 fines
1873 2678 1889 2704 ,

216 2715 318 2765 aliae
356 2732 437 2782 per
476 2712 641 2766 silvam
683 2712 998 2766 Viennensem
1034 2711 1361 2780 confragosam
1410 2734 1547 2767 antea
1597 2721 1644 2766 ὅ(
1698 2716 1900 2780 impedi-

215 2800 364 2848 tam,
414 2800 495 2834 aut
546 2783 806 2846 dedutstae,
866 2800 951 2835 aut
1002 2783 1146 2834 stratae
1196 2785 1318 2834 lint.
1375 2786 1464 2835 llla
1517 2802 1630 2835 vero
1683 2783 1902 2850 prodigii

220 2851 385 2904 similis
424 2847 515 2904 visa
553 2852 649 2912 est,
686 2872 788 2921 quae
826 2871 907 2920 per
943 2869 1160 2904 montem
1199 2850 1496 2918 semeringh,
1533 2859 1615 2921 qui
1650 2851 1902 2903 Amisiam

219 2941 247 2972 a
284 2925 424 2973 Stiria
463 2920 801 2985 disterminat‚
851 2929 1089 2990 perruptis
1137 2923 1465 2975 cuniculorum
1504 2941 1595 2991 ope
1627 2922 1900 2988 ,asperrimis

1684 2993 1831 3052 lociS‚
