2389 3408
1040 321 1536 397 (XLVIII.)

452 440 568 500 locis
592 478 608 505 ,
646 449 692 494 &
730 439 793 491 ad
831 443 1022 508 rupium
1061 440 1205 492 latera
1242 438 1404 492 excisis
1437 438 1655 491 cautibus
1691 437 1753 490 ad
1797 436 2119 493 Neostadium

452 516 623 581 usque,
658 527 804 578 atque
840 512 901 560 ad
939 515 1083 561 maris
1123 510 1366 562 Adriatici
1406 509 1545 559 litora
1574 515 1852 560 commercii
1878 510 2121 561 orientalis

448 584 496 635 fo
521 600 568 632 es
605 579 880 630 Germaniae
917 587 1102 646 aperuit
1125 615 1136 627 .
1187 579 1320 644 Qid
1361 579 1522 629 dicam
1560 580 1620 629 de
1658 578 1945 629 militaribus
1983 584 2073 628 viis
2100 613 2114 640 ,

450 666 655 721 quarum
694 667 783 699 una
822 667 849 699 a
887 646 1118 708 flumine,
1154 645 1361 716 sanoque
1398 649 1444 697 S.
1489 648 1635 708 Viti,
1687 646 1800 698 urbe
1852 654 1896 697 in
1949 645 2121 698 finibus

449 720 624 779 lstriae,
661 735 743 786 per
780 715 1030 769 altiffimos
1059 734 1245 768 montes
1271 718 1332 768 ad
1367 719 1567 768 Portum
1603 719 1858 781 Regium,
1896 735 2120 785 novoque

453 787 582 840 flexu
618 793 715 846 cis,
752 804 808 837 ac
844 802 972 837 trans
1011 786 1166 855 Alpes
1191 820 1208 847 ,
1258 786 1383 837 unde
1420 803 1555 837 antea
1607 783 1774 851 singuli
1825 786 2008 852 pedites
2055 804 2123 836 ar-

451 858 708 917 cebantur,
747 874 869 907 nunc
906 855 1198 907 deducendis
1248 854 1465 922 plaustris
1514 872 1814 923 opportuna,
1852 862 1900 907 &
1936 873 2120 922 capax,

448 924 661 993 cifiisque
687 958 702 985 ,
741 943 795 976 ac
832 925 1092 977 tabellariis
1126 930 1225 987 jam
1265 931 1373 975 trita
1403 958 1419 986 ,
1468 925 1530 974 ad
1582 923 1858 991 Colaphim
1909 921 2119 977 fluvium

453 1013 534 1063 per
574 994 742 1045 LXV.
780 994 912 1044 mille
950 992 1138 1061 passuS,
1178 994 1271 1044 lata
1309 1012 1363 1043 ac
1401 1010 1625 1060 perpetua
1656 1028 1672 1055 ,
1712 992 1966 1061 multisque
2002 1011 2122 1043 tran-

449 1060 636 1117 sversim
676 1063 1084 1129 procurrentibus,
1123 1062 1518 1113 Carolostadium
1557 1065 1698 1130 usque
1735 1071 1940 1113 excurrit
1978 1098 1989 1109 .
2035 1062 2120 1113 Al·-

446 1150 602 1186 ‘teram
643 1150 754 1182 vero
803 1151 830 1183 a
881 1133 1116 1184 Danubio
1155 1150 1236 1200 per
1279 1131 1521 1183 Valachiae
1559 1132 1807 1198 planitiem
1855 1132 1917 1182 ad
1962 1131 2122 1184 Alutae

452 1204 593 1255 litora
645 1201 904 1251 militarem
956 1220 1084 1252 viam
1134 1219 1160 1250 a
1211 1201 1424 1261 Traiano
1474 1197 1654 1252 Caesare
1693 1200 1968 1252 inchoatam
1997 1235 2013 1261 ,
2062 1218 2119 1251 ac

457 1285 652 1341 propter
680 1270 921 1333 objectam
954 1271 1161 1337 Alpium
1199 1268 1530 1335 asperitatem,
1559 1276 1744 1336 penitus
1772 1268 2118 1329 intermissam,

454 1343 706 1392 CAROLUS
731 1373 746 1399 ,
786 1335 1023 1390 diffractis
1059 1335 1282 1404 rupibus,
1320 1355 1511 1405 aequatis
1551 1339 1754 1389 vallibus
1780 1373 1795 1400 ,
1834 1336 2118 1389 substruCtis-

447 1429 544 1479 que
582 1408 807 1479 pontibus
845 1407 1001 1459 multo
1038 1408 1290 1468 latiorem,
1328 1413 1372 1456 in
1414 1410 1627 1458 Daciam
1665 1406 1808 1473 usque
1848 1406 2117 1475 Ripensem

454 1485 726 1547 promovit.

521 1552 596 1601 At
634 1548 919 1616 populorum
958 1544 1172 1598 felicitati
1212 1565 1303 1597 non
1342 1544 1679 1615 usquequaque
1715 1545 1985 1598 consultum
2025 1563 2107 1612 pu-

444 1624 572 1667 tavit
611 1614 975 1682 religiosillimus
1018 1618 1271 1681 Princeps.
1327 1617 1398 1665 Ita
1445 1625 1574 1667 enirn
1623 1615 1806 1681 semper
1858 1612 2010 1666 visum
2046 1612 2116 1665 est

449 1684 724 1737 hominibus
762 1682 1104 1752 sapientissimis
1138 1686 1201 1736 ad
1240 1682 1482 1751 publicam
1520 1683 1796 1734 felicitatem
1835 1683 1934 1734 duo
1971 1689 2115 1749 inpri-

450 1762 540 1805 mis
578 1762 792 1822 requiri,
841 1753 1013 1821 quibus
1051 1753 1187 1804 beata
1225 1759 1406 1803 civium
1448 1760 1544 1803 vita
1569 1787 1586 1813 ,
1633 1770 1781 1819 quam
1833 1768 1935 1802 tota
1992 1753 2111 1801 Rei-

450 1824 646 1890 publicae
681 1822 1063 1873 administrandae
1099 1829 1220 1872 ratio
1258 1820 1465 1887 spestare
1503 1822 1650 1872 solam
1699 1820 1842 1872 debet
1869 1853 1884 1881 ,
1936 1817 2110 1887 ροῑίῐίῐὸ

448 1911 585 1944 mum
622 1899 917 1943 contineatur
941 1928 951 1937 .
1010 1894 1222 1942 Primuzn
1259 1890 1325 1940 est
1362 1908 1413 1942 ut
1451 1890 1674 1942 nobilitas
1708 1891 1861 1955 gloria
1888 1923 1903 1949 ,
1941 1895 1988 1941 &
2028 1887 2110 1938 ho-

444 1961 639 2012 noribus
677 1959 844 2011 floreat
869 1994 885 2020 ,
923 1959 1125 2011 alterum
1166 1979 1215 2011 ut
1255 1960 1459 2027 populus
1496 1960 1626 2010 lucro
1654 1993 1669 2020 a
1708 1975 1763 2010 ac
1791 1977 1836 2009 re
1863 1956 2111 2017 facienda,

446 2026 801 2098 certissimisque
835 2030 1135 2096 compendiis
1170 2029 1232 2081 ab
1270 2035 1430 2095 inopia
1469 2027 1607 2098 po‘I'it
1643 2045 1885 2092 emergere
1911 2063 1922 2074 .
1978 2028 2113 2077 Cum

449 2105 578 2150 enim
616 2096 700 2149 sint
737 2100 836 2150 duo
872 2117 1040 2162 genera
1076 2104 1257 2150 civiuzn
1283 2132 1299 2158 ,
1347 2115 1556 2165 qriorusn
1595 2115 1743 2148 unum
1782 2097 1912 2147 sauli
1939 2129 1954 2156 ,
2008 2095 2116 2160 glo-

454 2174 568 2228 riae,
614 2186 668 2217 ac
717 2169 941 2231 dignitati
979 2184 1142 2217 natum
1181 2167 1247 2217 est
1272 2179 1303 2226 ,'
1335 2169 1540 2216 alterum
1591 2165 1764 2232 opibus
1815 2170 1970 2229 magis
1999 2197 2015 2225 ,
2064 2169 2113 2216 &

451 2236 583 2286 lucro
621 2237 791 2286 servit:
834 2236 1023 2285 videtur
1062 2235 1140 2285 illa
1177 2233 1271 2286 esse
1315 2234 1616 2301 Reipublicae
1651 2231 1806 2286 forma
1845 2234 1985 2298 longe
2015 2233 2113 2300 pul-

455 2306 688 2354 cherrima
727 2323 828 2370 quae
863 2304 983 2355 hanc
1021 2302 1226 2373 utrisque
1263 2302 1538 2355 ‘facultatem
1577 2299 1747 2354 afferat
1770 2338 1786 2365 ,
1835 2318 1886 2355 ut
1923 2321 1976 2352 ea
2015 2307 2117 2369 qui·-

455 2372 541 2424 bus
576 2373 763 2423 addiCti
801 2374 900 2423 sunt
927 2404 942 2433 ,
980 2371 1131 2424 studia
1157 2403 1174 2434 ,
1212 2392 1302 2423 non
1338 2372 1490 2423 modo
1524 2373 1713 2434 colere,
1752 2371 1828 2423 sed
1864 2377 2012 2422 etiam
2044 2389 2115 2420 or-

457 2460 565 2491 nare
592 2475 607 2503 ,
645 2447 693 2492 &
729 2439 1024 2508 amplificare
1061 2442 1231 2510 possint
1257 2478 1268 2489 .
1308 2439 1724 2493 Absolutissimam
1763 2440 1884 2492 hanc
1919 2442 2115 2507 Imperii

462 2509 665 2561 sormam
694 2543 709 2570 ,
748 2525 797 2560 ut
837 2516 1045 2577 primum
1085 2529 1110 2561 a
1148 2511 1284 2563 bellis
1318 2516 1594 2579 conquievit
1624 2511 1880 2565 CAROLUS
1906 2542 1923 2569 ,
1960 2524 2118 2559 mente

459 2587 506 2631 ἃ
544 2584 835 2641 cogitatione
883 2579 1162 2645 complexus
1209 2579 1311 2631 est.
1368 2584 1445 2631 Ac
1496 2585 1694 2646 primo,
1742 2578 1967 2646 expedita
2014 2593 2114 2627 erat

459 2657 713 2716 unicuique
764 2654 808 2697 in
855 2646 962 2698 aula
1012 2648 1207 2699 Caesaris
1252 2649 1316 2698 ad
1365 2649 1568 2700 honores
1618 2655 1730 2698 via.
1796 2648 1992 2699 Meritis
2042 2646 2114 2696 illi

460 2716 627 2781 paffim
653 2751 668 2778 ,
707 2721 755 2767 &
795 2721 987 2777 virtuti,
1029 2735 1117 2767 non
1154 2723 1314 2783 gratiae
1340 2750 1354 2776 ,
1393 2737 1484 2768 non
1522 2722 1678 2782 generi
1717 2731 1903 2767 tantum
1942 2714 2115 2765 tribue-

459 2787 627 2836 bantur
654 2821 664 2831 .
702 2782 926 2852 Quisquis
966 2784 1170 2837 strenuus
1195 2819 1211 2848 ,
1249 2783 1457 2853 quisquis
1493 2782 1626 2836 fortis
1655 2819 1670 2847 ,
1707 2784 1785 2834 hic
1821 2801 2072 2849 germanus
2097 2817 2114 2843 ,

461 2854 539 2902 hic
590 2854 807 2917 indigena
856 2849 1164 2904 censebatur,
1218 2853 1385 2904 Testes
1435 2854 1555 2902 mihi
1603 2870 1675 2904 tot
1724 2851 1963 2916 insignes,
2012 2866 2116 2902 tun}

1889 2919 2054 2978 domi,
