<?xml version="1.0" encoding="UTF-8"?>
<!DOCTYPE html PUBLIC "-//W3C//DTD XHTML 1.0 Transitional//EN"
    "http://www.w3.org/TR/xhtml1/DTD/xhtml1-transitional.dtd">
<html xmlns="http://www.w3.org/1999/xhtml" xml:lang="en" lang="en">
 <head>
  <title>
</title>
<meta http-equiv="Content-Type" content="text/html;charset=utf-8" />
  <meta name='ocr-system' content='tesseract 3.04.00' />
  <meta name='ocr-capabilities' content='ocr_page ocr_carea ocr_par ocr_line ocrx_word'/>
</head>
<body>
  <div class='ocr_page' id='page_1' title='image "./descriptioappara00lecc_0049.png"; bbox 0 0 2389 3408; ppageno 0'>
   <div class='ocr_carea' id='block_1_1' title="bbox 806 355 1326 426">
    <p class='ocr_par' dir='ltr' id='par_1_1' title="bbox 806 355 1326 426">
     <span class='ocr_line' id='line_1_1' title="bbox 806 355 1326 426; baseline -0.006 -18"><span class='ocrx_word' id='word_1_1' title='bbox 806 355 1326 426; x_wconf 64' lang='lat' dir='ltr'>(xxxvii)</span> 
     </span>
    </p>
   </div>
   <div class='ocr_carea' id='block_1_2' title="bbox 209 464 1898 3006">
    <p class='ocr_par' dir='ltr' id='par_1_2' title="bbox 219 464 1898 1301">
     <span class='ocr_line' id='line_1_2' title="bbox 223 464 1887 530; baseline 0.007 -12"><span class='ocrx_word' id='word_1_2' title='bbox 223 473 464 530; x_wconf 69' lang='lat' dir='ltr'>munitm,</span> <span class='ocrx_word' id='word_1_3' title='bbox 495 469 646 520; x_wconf 85' lang='lat' dir='ltr'>Arces</span> <span class='ocrx_word' id='word_1_4' title='bbox 684 464 1272 521; x_wconf 81' lang='lat' dir='ltr'>finitimas·Ott01nanicae</span> <span class='ocrx_word' id='word_1_5' title='bbox 1321 471 1492 524; x_wconf 85' lang='lat' dir='ltr'>ditioni</span> <span class='ocrx_word' id='word_1_6' title='bbox 1532 480 1576 525; x_wconf 89' lang='lat' dir='ltr'>in</span> <span class='ocrx_word' id='word_1_7' title='bbox 1616 492 1716 529; x_wconf 85' lang='lat' dir='ltr'>tam</span> <span class='ocrx_word' id='word_1_8' title='bbox 1760 485 1887 530; x_wconf 79' lang='lat' dir='ltr'>varia</span> 
     </span>
     <span class='ocr_line' id='line_1_3' title="bbox 225 535 1887 611; baseline 0.007 -24"><span class='ocrx_word' id='word_1_9' title='bbox 225 545 443 603; x_wconf 76' lang='lat' dir='ltr'>praeteriti</span> <span class='ocrx_word' id='word_1_10' title='bbox 471 537 583 589; x_wconf 89' lang='lat' dir='ltr'>belli</span> <span class='ocrx_word' id='word_1_11' title='bbox 625 535 809 588; x_wconf 84' lang='lat' dir='ltr'>fortuna</span> <span class='ocrx_word' id='word_1_12' title='bbox 860 543 1038 605; x_wconf 88' lang='lat' dir='ltr'>partim</span> <span class='ocrx_word' id='word_1_13' title='bbox 1090 545 1136 589; x_wconf 87' lang='lat' dir='ltr'>vi</span> <span class='ocrx_word' id='word_1_14' title='bbox 1183 557 1388 607; x_wconf 81' lang='lat' dir='ltr'>captas,</span> <span class='ocrx_word' id='word_1_15' title='bbox 1438 552 1613 611; x_wconf 83' lang='lat' dir='ltr'>partim</span> <span class='ocrx_word' id='word_1_16' title='bbox 1664 549 1887 610; x_wconf 66' lang='lat' dir='ltr'>dirutas,</span> 
     </span>
     <span class='ocr_line' id='line_1_4' title="bbox 222 604 1889 683; baseline -0.002 -25"><span class='ocrx_word' id='word_1_17' title='bbox 222 608 463 674; x_wconf 88' lang='lat' dir='ltr'>quidquid</span> <span class='ocrx_word' id='word_1_18' title='bbox 504 604 842 673; x_wconf 79' lang='lat' dir='ltr'>increpuiffet‚</span> <span class='ocrx_word' id='word_1_19' title='bbox 882 606 1131 658; x_wconf 84' lang='lat' dir='ltr'><strong>Thracem</strong></span> <span class='ocrx_word' id='word_1_20' title='bbox 1169 617 1359 672; x_wconf 89' lang='lat' dir='ltr'>timeri,</span> <span class='ocrx_word' id='word_1_21' title='bbox 1399 613 1643 683; x_wconf 75' lang='lat' dir='ltr'>plerasque</span> <span class='ocrx_word' id='word_1_22' title='bbox 1685 621 1889 683; x_wconf 59' lang='lat' dir='ltr'>Hunga-</span> 
     </span>
     <span class='ocr_line' id='line_1_5' title="bbox 222 674 1886 755; baseline 0.008 -30"><span class='ocrx_word' id='word_1_23' title='bbox 222 683 297 726; x_wconf 85' lang='lat' dir='ltr'>riae</span> <span class='ocrx_word' id='word_1_24' title='bbox 346 694 501 743; x_wconf 84' lang='lat' dir='ltr'>partes</span> <span class='ocrx_word' id='word_1_25' title='bbox 547 695 573 725; x_wconf 90' lang='lat' dir='ltr'>a</span> <span class='ocrx_word' id='word_1_26' title='bbox 624 674 846 740; x_wconf 87' lang='lat' dir='ltr'>gentibus</span> <span class='ocrx_word' id='word_1_27' title='bbox 893 691 977 726; x_wconf 89' lang='lat' dir='ltr'>aut</span> <span class='ocrx_word' id='word_1_28' title='bbox 1027 683 1231 727; x_wconf 83' lang='lat' dir='ltr'>inimicis</span> <span class='ocrx_word' id='word_1_29' title='bbox 1281 680 1579 734; x_wconf 85' lang='lat' dir='ltr'>Germanico</span> <span class='ocrx_word' id='word_1_30' title='bbox 1633 687 1886 755; x_wconf 89' lang='lat' dir='ltr'>Imperio,</span> 
     </span>
     <span class='ocr_line' id='line_1_6' title="bbox 222 744 1891 820; baseline 0.004 -22"><span class='ocrx_word' id='word_1_31' title='bbox 222 765 304 798; x_wconf 79' lang='lat' dir='ltr'>aut</span> <span class='ocrx_word' id='word_1_32' title='bbox 343 744 533 804; x_wconf 74' lang='lat' dir='ltr'>infidis,</span> <span class='ocrx_word' id='word_1_33' title='bbox 569 761 652 795; x_wconf 90' lang='lat' dir='ltr'>aut</span> <span class='ocrx_word' id='word_1_34' title='bbox 689 759 813 794; x_wconf 88' lang='lat' dir='ltr'>certe</span> <span class='ocrx_word' id='word_1_35' title='bbox 853 744 1172 807; x_wconf 80' lang='lat' dir='ltr'>immanibus,</span> <span class='ocrx_word' id='word_1_36' title='bbox 1209 753 1255 798; x_wconf 83' lang='lat'>&amp;</span> <span class='ocrx_word' id='word_1_37' title='bbox 1294 746 1538 820; x_wconf 78' lang='lat' dir='ltr'>barbaris,</span> <span class='ocrx_word' id='word_1_38' title='bbox 1574 760 1622 806; x_wconf 86' lang='lat'>&amp;</span> <span class='ocrx_word' id='word_1_39' title='bbox 1661 755 1891 808; x_wconf 80' lang='lat' dir='ltr'>bellicofis</span> 
     </span>
     <span class='ocr_line' id='line_1_7' title="bbox 224 818 1898 891; baseline 0.007 -26"><span class='ocrx_word' id='word_1_40' title='bbox 224 822 412 876; x_wconf 87' lang='lat' dir='ltr'>teneri,</span> <span class='ocrx_word' id='word_1_41' title='bbox 457 832 574 883; x_wconf 85' lang='lat' dir='ltr'>quas</span> <span class='ocrx_word' id='word_1_42' title='bbox 623 819 834 863; x_wconf 86' lang='lat' dir='ltr'>nationes</span> <span class='ocrx_word' id='word_1_43' title='bbox 883 832 1026 864; x_wconf 90' lang='lat' dir='ltr'>nemo</span> <span class='ocrx_word' id='word_1_44' title='bbox 1063 832 1274 882; x_wconf 89' lang='lat' dir='ltr'>unquam</span> <span class='ocrx_word' id='word_1_45' title='bbox 1313 818 1403 868; x_wconf 79' lang='lat' dir='ltr'>luit</span> <span class='ocrx_word' id='word_1_46' title='bbox 1427 854 1444 881; x_wconf 88' lang='lat'>,</span> <span class='ocrx_word' id='word_1_47' title='bbox 1492 828 1574 890; x_wconf 88' lang='lat' dir='ltr'>qui</span> <span class='ocrx_word' id='word_1_48' title='bbox 1613 844 1703 875; x_wconf 92' lang='lat' dir='ltr'>non</span> <span class='ocrx_word' id='word_1_49' title='bbox 1742 824 1898 891; x_wconf 79' lang='lat' dir='ltr'>frangi</span> 
     </span>
     <span class='ocr_line' id='line_1_8' title="bbox 224 881 1894 952; baseline 0.007 -16"><span class='ocrx_word' id='word_1_50' title='bbox 224 887 509 952; x_wconf 79' lang='lat' dir='ltr'>domarique</span> <span class='ocrx_word' id='word_1_51' title='bbox 546 897 764 950; x_wconf 86' lang='lat' dir='ltr'>cuperet·</span> <span class='ocrx_word' id='word_1_52' title='bbox 806 882 872 932; x_wconf 88' lang='lat' dir='ltr'>Et</span> <span class='ocrx_word' id='word_1_53' title='bbox 910 881 1014 933; x_wconf 87' lang='lat' dir='ltr'>sane</span> <span class='ocrx_word' id='word_1_54' title='bbox 1051 884 1420 937; x_wconf 78' lang='lat' dir='ltr'>obversabantur</span> <span class='ocrx_word' id='word_1_55' title='bbox 1455 891 1604 942; x_wconf 87' lang='lat' dir='ltr'>oculis</span> <span class='ocrx_word' id='word_1_56' title='bbox 1646 895 1894 947; x_wconf 86' lang='lat' dir='ltr'>Vindobo-</span> 
     </span>
     <span class='ocr_line' id='line_1_9' title="bbox 225 950 1887 1022; baseline 0.005 -19"><span class='ocrx_word' id='word_1_57' title='bbox 225 975 289 1004; x_wconf 83' lang='lat' dir='ltr'>nae</span> <span class='ocrx_word' id='word_1_58' title='bbox 327 959 547 1022; x_wconf 86' lang='lat' dir='ltr'>pomaeria</span> <span class='ocrx_word' id='word_1_59' title='bbox 597 950 757 1002; x_wconf 85' lang='lat' dir='ltr'>castris</span> <span class='ocrx_word' id='word_1_60' title='bbox 795 951 1022 1003; x_wconf 85' lang='lat' dir='ltr'>Thraciis</span> <span class='ocrx_word' id='word_1_61' title='bbox 1069 953 1230 1004; x_wconf 81' lang='lat' dir='ltr'>adbuc</span> <span class='ocrx_word' id='word_1_62' title='bbox 1279 955 1501 1010; x_wconf 67' lang='lat' dir='ltr'>distineta</span> <span class='ocrx_word' id='word_1_63' title='bbox 1529 994 1544 1021; x_wconf 93' lang='lat'>,</span> <span class='ocrx_word' id='word_1_64' title='bbox 1591 967 1638 1014; x_wconf 64' lang='grc' dir='ltr'>δι</span> <span class='ocrx_word' id='word_1_65' title='bbox 1686 981 1887 1015; x_wconf 84' lang='lat' dir='ltr'>notata.</span> 
     </span>
     <span class='ocr_line' id='line_1_10' title="bbox 222 1022 1892 1100; baseline 0.007 -27"><span class='ocrx_word' id='word_1_66' title='bbox 222 1022 439 1073; x_wconf 88' lang='lat' dir='ltr'>Videbat</span> <span class='ocrx_word' id='word_1_67' title='bbox 480 1022 722 1072; x_wconf 79' lang='lat' dir='ltr'>Thracem</span> <span class='ocrx_word' id='word_1_68' title='bbox 751 1053 766 1081; x_wconf 91' lang='lat'>,</span> <span class='ocrx_word' id='word_1_69' title='bbox 815 1028 1040 1088; x_wconf 85' lang='lat' dir='ltr'>quamvis</span> <span class='ocrx_word' id='word_1_70' title='bbox 1087 1031 1332 1089; x_wconf 77' lang='lat' dir='ltr'>praeteritis</span> <span class='ocrx_word' id='word_1_71' title='bbox 1378 1027 1597 1081; x_wconf 83' lang='lat' dir='ltr'>cladibus</span> <span class='ocrx_word' id='word_1_72' title='bbox 1635 1029 1676 1081; x_wconf 91' lang='lat' dir='ltr'>se</span> <span class='ocrx_word' id='word_1_73' title='bbox 1715 1034 1892 1100; x_wconf 91' lang='lat' dir='ltr'>percul-</span> 
     </span>
     <span class='ocr_line' id='line_1_11' title="bbox 223 1086 1891 1170; baseline 0.007 -28"><span class='ocrx_word' id='word_1_74' title='bbox 223 1094 323 1143; x_wconf 79' lang='lat' dir='ltr'>sum</span> <span class='ocrx_word' id='word_1_75' title='bbox 360 1097 407 1144; x_wconf 85' lang='lat'>&amp;</span> <span class='ocrx_word' id='word_1_76' title='bbox 445 1089 693 1153; x_wconf 50' lang='lat' dir='ltr'>abjectum</span> <span class='ocrx_word' id='word_1_77' title='bbox 729 1086 822 1140; x_wconf 74' lang='lat' dir='ltr'>else</span> <span class='ocrx_word' id='word_1_78' title='bbox 858 1087 1075 1152; x_wconf 82' lang='lat' dir='ltr'>sentiret,</span> <span class='ocrx_word' id='word_1_79' title='bbox 1113 1107 1274 1142; x_wconf 87' lang='lat' dir='ltr'>tamen</span> <span class='ocrx_word' id='word_1_80' title='bbox 1302 1112 1573 1165; x_wconf 83' lang='lat' dir='ltr'>retorquere</span> <span class='ocrx_word' id='word_1_81' title='bbox 1600 1102 1763 1151; x_wconf 84' lang='lat' dir='ltr'>oculos</span> <span class='ocrx_word' id='word_1_82' title='bbox 1790 1121 1891 1170; x_wconf 88' lang='lat' dir='ltr'>pro·</span> 
     </span>
     <span class='ocr_line' id='line_1_12' title="bbox 222 1158 1889 1236; baseline 0.007 -25"><span class='ocrx_word' id='word_1_83' title='bbox 222 1160 352 1211; x_wconf 55' lang='lat' dir='ltr'>secto</span> <span class='ocrx_word' id='word_1_84' title='bbox 389 1159 499 1228; x_wconf 79' lang='lat' dir='ltr'>saepe</span> <span class='ocrx_word' id='word_1_85' title='bbox 536 1160 599 1210; x_wconf 89' lang='lat' dir='ltr'>ad</span> <span class='ocrx_word' id='word_1_86' title='bbox 638 1160 758 1210; x_wconf 87' lang='lat' dir='ltr'>hanc</span> <span class='ocrx_word' id='word_1_87' title='bbox 801 1158 986 1210; x_wconf 85' lang='lat' dir='ltr'>Urbem</span> <span class='ocrx_word' id='word_1_88' title='bbox 1038 1161 1241 1212; x_wconf 64' lang='lat' dir='ltr'>Austrioe</span> <span class='ocrx_word' id='word_1_89' title='bbox 1289 1171 1553 1233; x_wconf 84' lang='lat' dir='ltr'>principem</span> <span class='ocrx_word' id='word_1_90' title='bbox 1580 1202 1596 1229; x_wconf 93' lang='lat'>,</span> <span class='ocrx_word' id='word_1_91' title='bbox 1646 1188 1793 1236; x_wconf 87' lang='lat' dir='ltr'>quam</span> <span class='ocrx_word' id='word_1_92' title='bbox 1830 1190 1889 1222; x_wconf 80' lang='lat' dir='ltr'>ex</span> 
     </span>
     <span class='ocr_line' id='line_1_13' title="bbox 219 1227 1183 1301; baseline -0.002 -22"><span class='ocrx_word' id='word_1_93' title='bbox 219 1228 310 1281; x_wconf 84' lang='lat' dir='ltr'>suis</span> <span class='ocrx_word' id='word_1_94' title='bbox 347 1227 560 1281; x_wconf 84' lang='lat' dir='ltr'>faucibus</span> <span class='ocrx_word' id='word_1_95' title='bbox 594 1245 807 1295; x_wconf 83' lang='lat' dir='ltr'>ereptam</span> <span class='ocrx_word' id='word_1_96' title='bbox 845 1227 938 1278; x_wconf 80' lang='lat' dir='ltr'>effe</span> <span class='ocrx_word' id='word_1_97' title='bbox 976 1228 1183 1301; x_wconf 75' lang='lat' dir='ltr'>doleret.</span> 
     </span>
    </p>

    <p class='ocr_par' dir='ltr' id='par_1_3' title="bbox 209 1294 1890 3005">
     <span class='ocr_line' id='line_1_14' title="bbox 290 1294 1887 1360; baseline 0.007 -11"><span class='ocrx_word' id='word_1_98' title='bbox 290 1301 415 1349; x_wconf 78' lang='lat' dir='ltr'>Haec</span> <span class='ocrx_word' id='word_1_99' title='bbox 453 1299 707 1348; x_wconf 86' lang='lat' dir='ltr'>meditanti</span> <span class='ocrx_word' id='word_1_100' title='bbox 746 1294 918 1347; x_wconf 54' lang='lat' dir='ltr'>Caesari</span> <span class='ocrx_word' id='word_1_101' title='bbox 954 1298 1152 1347; x_wconf 71' lang='lat' dir='ltr'>affertur</span> <span class='ocrx_word' id='word_1_102' title='bbox 1189 1305 1384 1351; x_wconf 85' lang='lat' dir='ltr'>nuncius</span> <span class='ocrx_word' id='word_1_103' title='bbox 1421 1301 1600 1356; x_wconf 85' lang='lat' dir='ltr'>bellum</span> <span class='ocrx_word' id='word_1_104' title='bbox 1642 1326 1732 1357; x_wconf 92' lang='lat' dir='ltr'>non</span> <span class='ocrx_word' id='word_1_105' title='bbox 1759 1327 1887 1360; x_wconf 88' lang='lat' dir='ltr'>corn-</span> 
     </span>
     <span class='ocr_line' id='line_1_15' title="bbox 222 1364 1889 1445; baseline 0.008 -30"><span class='ocrx_word' id='word_1_106' title='bbox 222 1374 418 1434; x_wconf 83' lang='lat' dir='ltr'>parari,</span> <span class='ocrx_word' id='word_1_107' title='bbox 468 1364 545 1417; x_wconf 88' lang='lat' dir='ltr'>sed</span> <span class='ocrx_word' id='word_1_108' title='bbox 594 1375 694 1431; x_wconf 75' lang='lat' dir='ltr'>geri</span> <span class='ocrx_word' id='word_1_109' title='bbox 730 1372 827 1427; x_wconf 68' lang='lat' dir='ltr'>jain</span> <span class='ocrx_word' id='word_1_110' title='bbox 878 1371 922 1415; x_wconf 89' lang='lat' dir='ltr'>in</span> <span class='ocrx_word' id='word_1_111' title='bbox 976 1366 1233 1418; x_wconf 73' lang='lat' dir='ltr'>Adriatico</span> <span class='ocrx_word' id='word_1_112' title='bbox 1282 1376 1446 1431; x_wconf 69' lang='lat' dir='ltr'>mari,</span> <span class='ocrx_word' id='word_1_113' title='bbox 1499 1374 1712 1426; x_wconf 82' lang='lat' dir='ltr'>Thraces</span> <span class='ocrx_word' id='word_1_114' title='bbox 1749 1395 1889 1445; x_wconf 83' lang='lat' dir='ltr'>capta</span> 
     </span>
     <span class='ocr_line' id='line_1_16' title="bbox 220 1435 1884 1511; baseline 0.007 -25"><span class='ocrx_word' id='word_1_115' title='bbox 220 1435 575 1503; x_wconf 74' lang='lat' dir='ltr'>Peloponneso,</span> <span class='ocrx_word' id='word_1_116' title='bbox 618 1443 661 1483; x_wconf 83' lang='lat' dir='ltr'>in</span> <span class='ocrx_word' id='word_1_117' title='bbox 705 1436 896 1484; x_wconf 83' lang='lat' dir='ltr'>ltaliam</span> <span class='ocrx_word' id='word_1_118' title='bbox 933 1442 1169 1499; x_wconf 86' lang='lat' dir='ltr'>cogitare.</span> <span class='ocrx_word' id='word_1_119' title='bbox 1212 1439 1317 1488; x_wconf 86' lang='lat' dir='ltr'>Res</span> <span class='ocrx_word' id='word_1_120' title='bbox 1343 1437 1510 1491; x_wconf 79' lang='lat' dir='ltr'>Caesari</span> <span class='ocrx_word' id='word_1_121' title='bbox 1540 1459 1639 1496; x_wconf 90' lang='lat' dir='ltr'>tota</span> <span class='ocrx_word' id='word_1_122' title='bbox 1669 1446 1884 1511; x_wconf 61' lang='lat' dir='ltr'>praevisa,</span> 
     </span>
     <span class='ocr_line' id='line_1_17' title="bbox 223 1501 1889 1581; baseline 0.005 -27"><span class='ocrx_word' id='word_1_123' title='bbox 223 1520 368 1571; x_wconf 82' lang='lat' dir='ltr'>atque</span> <span class='ocrx_word' id='word_1_124' title='bbox 408 1521 635 1572; x_wconf 81' lang='lat' dir='ltr'>praecauta</span> <span class='ocrx_word' id='word_1_125' title='bbox 674 1501 856 1564; x_wconf 71' lang='lat' dir='ltr'>fuerat,</span> <span class='ocrx_word' id='word_1_126' title='bbox 898 1505 1328 1557; x_wconf 78' lang='lat' dir='ltr'>Petrovaradinum</span> <span class='ocrx_word' id='word_1_127' title='bbox 1371 1511 1568 1577; x_wconf 87' lang='lat' dir='ltr'>lmperii</span> <span class='ocrx_word' id='word_1_128' title='bbox 1621 1532 1889 1581; x_wconf 82' lang='lat' dir='ltr'>propugna-</span> 
     </span>
     <span class='ocr_line' id='line_1_18' title="bbox 219 1572 1885 1643; baseline 0.008 -20"><span class='ocrx_word' id='word_1_129' title='bbox 219 1576 381 1624; x_wconf 83' lang='lat' dir='ltr'>culum</span> <span class='ocrx_word' id='word_1_130' title='bbox 409 1607 424 1634; x_wconf 93' lang='lat'>,</span> <span class='ocrx_word' id='word_1_131' title='bbox 472 1572 606 1640; x_wconf 89' lang='lat' dir='ltr'>quod</span> <span class='ocrx_word' id='word_1_132' title='bbox 655 1590 885 1641; x_wconf 78' lang='lat' dir='ltr'>tanquam</span> <span class='ocrx_word' id='word_1_133' title='bbox 935 1577 981 1621; x_wconf 87' lang='lat' dir='ltr'>in</span> <span class='ocrx_word' id='word_1_134' title='bbox 1018 1591 1098 1624; x_wconf 92' lang='lat' dir='ltr'>ore</span> <span class='ocrx_word' id='word_1_135' title='bbox 1137 1594 1282 1643; x_wconf 85' lang='lat' dir='ltr'>atque</span> <span class='ocrx_word' id='word_1_136' title='bbox 1321 1585 1366 1627; x_wconf 90' lang='lat' dir='ltr'>in</span> <span class='ocrx_word' id='word_1_137' title='bbox 1403 1576 1617 1633; x_wconf 85' lang='lat' dir='ltr'>faucibus</span> <span class='ocrx_word' id='word_1_138' title='bbox 1651 1600 1751 1637; x_wconf 76' lang='lat' dir='ltr'>erat</span> <span class='ocrx_word' id='word_1_139' title='bbox 1790 1583 1885 1636; x_wconf 89' lang='lat' dir='ltr'>suo-</span> 
     </span>
     <span class='ocr_line' id='line_1_19' title="bbox 219 1640 1889 1721; baseline 0.01 -31"><span class='ocrx_word' id='word_1_140' title='bbox 219 1660 326 1693; x_wconf 84' lang='lat' dir='ltr'>rum</span> <span class='ocrx_word' id='word_1_141' title='bbox 365 1640 574 1693; x_wconf 87' lang='lat' dir='ltr'>hostium</span> <span class='ocrx_word' id='word_1_142' title='bbox 605 1677 623 1703; x_wconf 84' lang='lat'>,</span> <span class='ocrx_word' id='word_1_143' title='bbox 672 1641 1024 1693; x_wconf 85' lang='lat' dir='ltr'>commeatibus</span> <span class='ocrx_word' id='word_1_144' title='bbox 1049 1676 1064 1703; x_wconf 89' lang='lat'>,</span> <span class='ocrx_word' id='word_1_145' title='bbox 1116 1661 1349 1711; x_wconf 81' lang='lat' dir='ltr'>apparatu</span> <span class='ocrx_word' id='word_1_146' title='bbox 1389 1649 1610 1715; x_wconf 88' lang='lat' dir='ltr'>reliquo,</span> <span class='ocrx_word' id='word_1_147' title='bbox 1662 1652 1889 1721; x_wconf 83' lang='lat' dir='ltr'>rebusque</span> 
     </span>
     <span class='ocr_line' id='line_1_20' title="bbox 215 1711 1888 1778; baseline 0.007 -17"><span class='ocrx_word' id='word_1_148' title='bbox 215 1711 442 1761; x_wconf 82' lang='lat' dir='ltr'>omnibus</span> <span class='ocrx_word' id='word_1_149' title='bbox 477 1714 540 1761; x_wconf 85' lang='lat' dir='ltr'>ad</span> <span class='ocrx_word' id='word_1_150' title='bbox 578 1711 937 1778; x_wconf 85' lang='lat' dir='ltr'>repellendum,</span> <span class='ocrx_word' id='word_1_151' title='bbox 975 1717 1023 1763; x_wconf 83' lang='lat'>&amp;</span> <span class='ocrx_word' id='word_1_152' title='bbox 1059 1713 1122 1762; x_wconf 89' lang='lat' dir='ltr'>ad</span> <span class='ocrx_word' id='word_1_153' title='bbox 1149 1711 1468 1766; x_wconf 84' lang='lat' dir='ltr'>sustinendum</span> <span class='ocrx_word' id='word_1_154' title='bbox 1497 1718 1674 1771; x_wconf 88' lang='lat' dir='ltr'>bellum</span> <span class='ocrx_word' id='word_1_155' title='bbox 1706 1723 1888 1774; x_wconf 82' lang='lat' dir='ltr'>idoneis</span> 
     </span>
     <span class='ocr_line' id='line_1_21' title="bbox 222 1779 1890 1853; baseline 0.007 -23"><span class='ocrx_word' id='word_1_156' title='bbox 222 1779 382 1830; x_wconf 88' lang='lat' dir='ltr'>multo</span> <span class='ocrx_word' id='word_1_157' title='bbox 431 1795 540 1830; x_wconf 87' lang='lat' dir='ltr'>ante</span> <span class='ocrx_word' id='word_1_158' title='bbox 590 1787 919 1846; x_wconf 67' lang='lat' dir='ltr'>praemunierat</span> <span class='ocrx_word' id='word_1_159' title='bbox 954 1811 968 1826; x_wconf 85' lang='lat'><strong>·</strong></span> <span class='ocrx_word' id='word_1_160' title='bbox 1029 1781 1192 1845; x_wconf 83' lang='lat' dir='ltr'>Qare</span> <span class='ocrx_word' id='word_1_161' title='bbox 1250 1801 1361 1834; x_wconf 84' lang='lat' dir='ltr'>cum</span> <span class='ocrx_word' id='word_1_162' title='bbox 1423 1786 1542 1836; x_wconf 91' lang='lat' dir='ltr'>nihil</span> <span class='ocrx_word' id='word_1_163' title='bbox 1593 1797 1749 1853; x_wconf 87' lang='lat' dir='ltr'>magis</span> <span class='ocrx_word' id='word_1_164' title='bbox 1795 1792 1890 1843; x_wconf 76' lang='lat' dir='ltr'>esse</span> 
     </span>
     <span class='ocr_line' id='line_1_22' title="bbox 218 1846 1883 1917; baseline 0.009 -20"><span class='ocrx_word' id='word_1_165' title='bbox 218 1848 492 1898; x_wconf 81' lang='lat' dir='ltr'>timendum</span> <span class='ocrx_word' id='word_1_166' title='bbox 533 1846 703 1898; x_wconf 82' lang='lat' dir='ltr'>Caesari</span> <span class='ocrx_word' id='word_1_167' title='bbox 745 1850 1015 1910; x_wconf 85' lang='lat' dir='ltr'>videretur,</span> <span class='ocrx_word' id='word_1_168' title='bbox 1052 1868 1201 1917; x_wconf 85' lang='lat' dir='ltr'>quam</span> <span class='ocrx_word' id='word_1_169' title='bbox 1240 1870 1373 1903; x_wconf 89' lang='lat' dir='ltr'>mora</span> <span class='ocrx_word' id='word_1_170' title='bbox 1403 1889 1419 1916; x_wconf 93' lang='lat'>,</span> <span class='ocrx_word' id='word_1_171' title='bbox 1470 1862 1697 1907; x_wconf 91' lang='lat' dir='ltr'>continuo</span> <span class='ocrx_word' id='word_1_172' title='bbox 1738 1862 1883 1912; x_wconf 84' lang='lat' dir='ltr'>viola-</span> 
     </span>
     <span class='ocr_line' id='line_1_23' title="bbox 214 1914 1885 1993; baseline 0.007 -26"><span class='ocrx_word' id='word_1_173' title='bbox 214 1932 317 1967; x_wconf 88' lang='lat' dir='ltr'>tam</span> <span class='ocrx_word' id='word_1_174' title='bbox 368 1914 762 1967; x_wconf 84' lang='lat' dir='ltr'>Carolovitienfis</span> <span class='ocrx_word' id='word_1_175' title='bbox 824 1916 1007 1968; x_wconf 82' lang='lat' dir='ltr'>foederis</span> <span class='ocrx_word' id='word_1_176' title='bbox 1057 1919 1372 1985; x_wconf 78' lang='lat' dir='ltr'>Religionem</span> <span class='ocrx_word' id='word_1_177' title='bbox 1424 1929 1468 1973; x_wconf 89' lang='lat' dir='ltr'>in</span> <span class='ocrx_word' id='word_1_178' title='bbox 1518 1941 1736 1993; x_wconf 89' lang='lat' dir='ltr'>tempore</span> <span class='ocrx_word' id='word_1_179' title='bbox 1790 1937 1885 1980; x_wconf 87' lang='lat' dir='ltr'>vin-</span> 
     </span>
     <span class='ocr_line' id='line_1_24' title="bbox 215 1985 1875 2060; baseline 0.008 -24"><span class='ocrx_word' id='word_1_180' title='bbox 215 1985 472 2037; x_wconf 81' lang='lat' dir='ltr'>dicandam</span> <span class='ocrx_word' id='word_1_181' title='bbox 513 2001 638 2036; x_wconf 85' lang='lat' dir='ltr'>ratus</span> <span class='ocrx_word' id='word_1_182' title='bbox 689 1986 908 2037; x_wconf 60' lang='lat' dir='ltr'>vidirices</span> <span class='ocrx_word' id='word_1_183' title='bbox 953 1993 1116 2053; x_wconf 85' lang='lat' dir='ltr'>copias</span> <span class='ocrx_word' id='word_1_184' title='bbox 1150 1990 1312 2040; x_wconf 90' lang='lat' dir='ltr'>educit</span> <span class='ocrx_word' id='word_1_185' title='bbox 1339 2024 1354 2051; x_wconf 88' lang='lat'>‚</span> <span class='ocrx_word' id='word_1_186' title='bbox 1392 1998 1439 2043; x_wconf 67' lang='grc' dir='ltr'>δε</span> <span class='ocrx_word' id='word_1_187' title='bbox 1479 1999 1523 2042; x_wconf 93' lang='lat' dir='ltr'>in</span> <span class='ocrx_word' id='word_1_188' title='bbox 1567 1996 1875 2060; x_wconf 80' lang='lat' dir='ltr'>Hungariam</span> 
     </span>
     <span class='ocr_line' id='line_1_25' title="bbox 215 2053 1881 2134; baseline 0.01 -33"><span class='ocrx_word' id='word_1_189' title='bbox 215 2072 416 2122; x_wconf 81' lang='lat' dir='ltr'>propere</span> <span class='ocrx_word' id='word_1_190' title='bbox 455 2060 708 2116; x_wconf 67' lang='lat' dir='ltr'>immittit,</span> <span class='ocrx_word' id='word_1_191' title='bbox 748 2053 1054 2123; x_wconf 86' lang='lat' dir='ltr'>precatusque</span> <span class='ocrx_word' id='word_1_192' title='bbox 1092 2074 1142 2107; x_wconf 91' lang='lat' dir='ltr'>ut</span> <span class='ocrx_word' id='word_1_193' title='bbox 1178 2076 1231 2108; x_wconf 86' lang='lat' dir='ltr'>ea</span> <span class='ocrx_word' id='word_1_194' title='bbox 1272 2077 1341 2109; x_wconf 88' lang='lat' dir='ltr'>res</span> <span class='ocrx_word' id='word_1_195' title='bbox 1373 2060 1638 2112; x_wconf 83' lang='lat' dir='ltr'>Pontificiis</span> <span class='ocrx_word' id='word_1_196' title='bbox 1664 2066 1881 2134; x_wconf 76' lang='lat' dir='ltr'>auspiciis</span> 
     </span>
     <span class='ocr_line' id='line_1_26' title="bbox 213 2123 1883 2199; baseline 0.008 -26"><span class='ocrx_word' id='word_1_197' title='bbox 213 2123 509 2184; x_wconf 78' lang='lat' dir='ltr'>consecrata,</span> <span class='ocrx_word' id='word_1_198' title='bbox 546 2123 828 2175; x_wconf 69' lang='lat' dir='ltr'>Christianae</span> <span class='ocrx_word' id='word_1_199' title='bbox 872 2124 1202 2191; x_wconf 72' lang='lat' dir='ltr'>Reipublicae,</span> <span class='ocrx_word' id='word_1_200' title='bbox 1240 2124 1475 2180; x_wconf 81' lang='lat' dir='ltr'>foederatis</span> <span class='ocrx_word' id='word_1_201' title='bbox 1503 2132 1692 2199; x_wconf 86' lang='lat' dir='ltr'>populis</span> <span class='ocrx_word' id='word_1_202' title='bbox 1708 2132 1883 2199; x_wconf 83' lang='lat' dir='ltr'>fauile,</span> 
     </span>
     <span class='ocr_line' id='line_1_27' title="bbox 217 2189 1883 2269; baseline 0.008 -28"><span class='ocrx_word' id='word_1_203' title='bbox 217 2189 423 2242; x_wconf 79' lang='lat' dir='ltr'>feliciter</span> <span class='ocrx_word' id='word_1_204' title='bbox 482 2189 794 2261; x_wconf 85' lang='lat' dir='ltr'>prospereque</span> <span class='ocrx_word' id='word_1_205' title='bbox 830 2199 1069 2256; x_wconf 89' lang='lat' dir='ltr'>eveniret,</span> <span class='ocrx_word' id='word_1_206' title='bbox 1107 2195 1316 2262; x_wconf 90' lang='lat' dir='ltr'>plurium</span> <span class='ocrx_word' id='word_1_207' title='bbox 1357 2199 1545 2250; x_wconf 90' lang='lat' dir='ltr'>dierum</span> <span class='ocrx_word' id='word_1_208' title='bbox 1582 2201 1883 2269; x_wconf 86' lang='lat' dir='ltr'>supplicatio-</span> 
     </span>
     <span class='ocr_line' id='line_1_28' title="bbox 217 2260 1874 2330; baseline 0.008 -21"><span class='ocrx_word' id='word_1_209' title='bbox 217 2279 296 2310; x_wconf 87' lang='lat' dir='ltr'>nes</span> <span class='ocrx_word' id='word_1_210' title='bbox 332 2260 526 2326; x_wconf 85' lang='lat' dir='ltr'>templis</span> <span class='ocrx_word' id='word_1_211' title='bbox 561 2263 785 2314; x_wconf 87' lang='lat' dir='ltr'>omnibus</span> <span class='ocrx_word' id='word_1_212' title='bbox 822 2261 998 2330; x_wconf 89' lang='lat' dir='ltr'>ubique</span> <span class='ocrx_word' id='word_1_213' title='bbox 1027 2279 1258 2315; x_wconf 87' lang='lat' dir='ltr'>terrarum</span> <span class='ocrx_word' id='word_1_214' title='bbox 1318 2268 1637 2320; x_wconf 87' lang='lat' dir='ltr'>decernendas</span> <span class='ocrx_word' id='word_1_215' title='bbox 1661 2282 1874 2325; x_wconf 83' lang='lat' dir='ltr'>curavit.</span> 
     </span>
     <span class='ocr_line' id='line_1_29' title="bbox 215 2329 1884 2398; baseline 0.008 -18"><span class='ocrx_word' id='word_1_216' title='bbox 215 2330 385 2380; x_wconf 84' lang='lat' dir='ltr'>Haeret</span> <span class='ocrx_word' id='word_1_217' title='bbox 443 2329 602 2379; x_wconf 87' lang='lat' dir='ltr'>adhuc</span> <span class='ocrx_word' id='word_1_218' title='bbox 662 2332 758 2381; x_wconf 86' lang='lat' dir='ltr'>alte</span> <span class='ocrx_word' id='word_1_219' title='bbox 818 2329 1038 2398; x_wconf 79' lang='lat' dir='ltr'>impressa</span> <span class='ocrx_word' id='word_1_220' title='bbox 1098 2332 1276 2385; x_wconf 86' lang='lat' dir='ltr'>ducum</span> <span class='ocrx_word' id='word_1_221' title='bbox 1340 2354 1671 2389; x_wconf 86' lang='lat' dir='ltr'>veteranorum</span> <span class='ocrx_word' id='word_1_222' title='bbox 1719 2349 1884 2396; x_wconf 88' lang='lat' dir='ltr'>animo</span> 
     </span>
     <span class='ocr_line' id='line_1_30' title="bbox 217 2396 1879 2472; baseline 0.01 -26"><span class='ocrx_word' id='word_1_223' title='bbox 217 2396 559 2464; x_wconf 68' lang='lat' dir='ltr'>praeclarissima</span> <span class='ocrx_word' id='word_1_224' title='bbox 597 2398 677 2450; x_wconf 84' lang='lat' dir='ltr'>illa</span> <span class='ocrx_word' id='word_1_225' title='bbox 727 2407 774 2453; x_wconf 68' lang='grc' dir='ltr'>ἂ</span> <span class='ocrx_word' id='word_1_226' title='bbox 823 2398 1154 2467; x_wconf 74' lang='lat' dir='ltr'>sapientissima</span> <span class='ocrx_word' id='word_1_227' title='bbox 1197 2422 1317 2464; x_wconf 83' lang='lat' dir='ltr'>vox,</span> <span class='ocrx_word' id='word_1_228' title='bbox 1355 2423 1448 2472; x_wconf 84' lang='lat' dir='ltr'>qua</span> <span class='ocrx_word' id='word_1_229' title='bbox 1479 2424 1593 2457; x_wconf 89' lang='lat' dir='ltr'>voce</span> <span class='ocrx_word' id='word_1_230' title='bbox 1622 2408 1879 2463; x_wconf 79' lang='lat' dir='ltr'>CAROLUS</span> 
     </span>
     <span class='ocr_line' id='line_1_31' title="bbox 216 2469 1884 2542; baseline 0.005 -25"><span class='ocrx_word' id='word_1_231' title='bbox 216 2469 491 2533; x_wconf 85' lang='lat' dir='ltr'>Imperator</span> <span class='ocrx_word' id='word_1_232' title='bbox 515 2499 532 2527; x_wconf 90' lang='lat'>,</span> <span class='ocrx_word' id='word_1_233' title='bbox 579 2477 732 2520; x_wconf 91' lang='lat' dir='ltr'>accito</span> <span class='ocrx_word' id='word_1_234' title='bbox 768 2471 829 2519; x_wconf 82' lang='lat' dir='ltr'>ad</span> <span class='ocrx_word' id='word_1_235' title='bbox 867 2472 910 2519; x_wconf 88' lang='lat' dir='ltr'>le</span> <span class='ocrx_word' id='word_1_236' title='bbox 952 2470 1172 2534; x_wconf 84' lang='lat' dir='ltr'>Eugenio</span> <span class='ocrx_word' id='word_1_237' title='bbox 1211 2473 1438 2524; x_wconf 85' lang='lat' dir='ltr'>Sabaudo</span> <span class='ocrx_word' id='word_1_238' title='bbox 1480 2477 1695 2542; x_wconf 87' lang='lat' dir='ltr'>Principe</span> <span class='ocrx_word' id='word_1_239' title='bbox 1724 2509 1740 2536; x_wconf 90' lang='lat'>,</span> <span class='ocrx_word' id='word_1_240' title='bbox 1790 2477 1884 2527; x_wconf 87' lang='lat' dir='ltr'>bel-</span> 
     </span>
     <span class='ocr_line' id='line_1_32' title="bbox 215 2535 1880 2609; baseline 0.007 -25"><span class='ocrx_word' id='word_1_241' title='bbox 215 2535 319 2586; x_wconf 89' lang='lat' dir='ltr'>lum</span> <span class='ocrx_word' id='word_1_242' title='bbox 356 2536 731 2590; x_wconf 87' lang='lat' dir='ltr'>Ottomanicum</span> <span class='ocrx_word' id='word_1_243' title='bbox 771 2538 943 2587; x_wconf 81' lang='lat' dir='ltr'>indixit</span> <span class='ocrx_word' id='word_1_244' title='bbox 970 2572 980 2582; x_wconf 86' lang='lat'><strong>·</strong></span> <span class='ocrx_word' id='word_1_245' title='bbox 1032 2541 1137 2588; x_wconf 83' lang='lat' dir='ltr'>Res</span> <span class='ocrx_word' id='word_1_246' title='bbox 1162 2538 1229 2590; x_wconf 88' lang='lat' dir='ltr'>est</span> <span class='ocrx_word' id='word_1_247' title='bbox 1261 2541 1579 2608; x_wconf 85' lang='lat' dir='ltr'>plurimorum</span> <span class='ocrx_word' id='word_1_248' title='bbox 1608 2542 1880 2609; x_wconf 80' lang='lat' dir='ltr'>confignata</span> 
     </span>
     <span class='ocr_line' id='line_1_33' title="bbox 213 2605 1885 2674; baseline 0.007 -21"><span class='ocrx_word' id='word_1_249' title='bbox 213 2605 422 2664; x_wconf 77' lang='lat' dir='ltr'>litteriS,</span> <span class='ocrx_word' id='word_1_250' title='bbox 471 2623 526 2654; x_wconf 92' lang='lat' dir='ltr'>ne</span> <span class='ocrx_word' id='word_1_251' title='bbox 576 2614 682 2674; x_wconf 83' lang='lat' dir='ltr'>quis</span> <span class='ocrx_word' id='word_1_252' title='bbox 728 2625 910 2657; x_wconf 86' lang='lat' dir='ltr'>novum</span> <span class='ocrx_word' id='word_1_253' title='bbox 958 2606 1198 2674; x_wconf 80' lang='lat' dir='ltr'>aliquod,</span> <span class='ocrx_word' id='word_1_254' title='bbox 1246 2628 1328 2661; x_wconf 84' lang='lat' dir='ltr'>aut</span> <span class='ocrx_word' id='word_1_255' title='bbox 1380 2610 1550 2664; x_wconf 61' lang='lat' dir='ltr'>ficium</span> <span class='ocrx_word' id='word_1_256' title='bbox 1601 2633 1626 2664; x_wconf 87' lang='lat' dir='ltr'>a</span> <span class='ocrx_word' id='word_1_257' title='bbox 1677 2633 1753 2663; x_wconf 89' lang='lat' dir='ltr'>me</span> <span class='ocrx_word' id='word_1_258' title='bbox 1802 2630 1885 2664; x_wconf 88' lang='lat' dir='ltr'>aut</span> 
     </span>
     <span class='ocr_line' id='line_1_34' title="bbox 213 2674 1882 2743; baseline 0.004 -20"><span class='ocrx_word' id='word_1_259' title='bbox 213 2679 543 2739; x_wconf 80' lang='lat' dir='ltr'>excogitatum</span> <span class='ocrx_word' id='word_1_260' title='bbox 580 2674 737 2728; x_wconf 85' lang='lat' dir='ltr'>afferri</span> <span class='ocrx_word' id='word_1_261' title='bbox 777 2691 910 2743; x_wconf 88' lang='lat' dir='ltr'>putet</span> <span class='ocrx_word' id='word_1_262' title='bbox 936 2710 949 2721; x_wconf 87' lang='lat'><strong>·</strong></span> <span class='ocrx_word' id='word_1_263' title='bbox 999 2677 1187 2728; x_wconf 87' lang='lat' dir='ltr'>Aderat</span> <span class='ocrx_word' id='word_1_264' title='bbox 1237 2686 1386 2730; x_wconf 80' lang='lat' dir='ltr'>totius</span> <span class='ocrx_word' id='word_1_265' title='bbox 1422 2684 1583 2732; x_wconf 85' lang='lat' dir='ltr'>aulicae</span> <span class='ocrx_word' id='word_1_266' title='bbox 1619 2682 1882 2732; x_wconf 80' lang='lat' dir='ltr'>nobilitatis</span> 
     </span>
     <span class='ocr_line' id='line_1_35' title="bbox 213 2739 1882 2817; baseline 0.006 -26"><span class='ocrx_word' id='word_1_267' title='bbox 213 2739 329 2792; x_wconf 86' lang='lat' dir='ltr'>flos.</span> <span class='ocrx_word' id='word_1_268' title='bbox 370 2742 504 2793; x_wconf 88' lang='lat' dir='ltr'>Tum</span> <span class='ocrx_word' id='word_1_269' title='bbox 539 2744 790 2798; x_wconf 70' lang='lat' dir='ltr'>CAROLUS</span> <span class='ocrx_word' id='word_1_270' title='bbox 826 2744 888 2794; x_wconf 85' lang='lat' dir='ltr'>ad</span> <span class='ocrx_word' id='word_1_271' title='bbox 931 2744 1205 2809; x_wconf 75' lang='lat' dir='ltr'>Eugenium</span> <span class='ocrx_word' id='word_1_272' title='bbox 1244 2748 1522 2810; x_wconf 84' lang='lat' dir='ltr'>conversus,</span> <span class='ocrx_word' id='word_1_273' title='bbox 1568 2753 1882 2817; x_wconf 83' lang='lat' dir='ltr'>Imperatoria</span> 
     </span>
     <span class='ocr_line' id='line_1_36' title="bbox 212 2811 1884 2885; baseline 0.005 -25"><span class='ocrx_word' id='word_1_274' title='bbox 212 2811 425 2878; x_wconf 82' lang='lat' dir='ltr'>quadam</span> <span class='ocrx_word' id='word_1_275' title='bbox 465 2827 569 2862; x_wconf 89' lang='lat' dir='ltr'>tum</span> <span class='ocrx_word' id='word_1_276' title='bbox 607 2812 872 2875; x_wconf 74' lang='lat' dir='ltr'>dignitate,</span> <span class='ocrx_word' id='word_1_277' title='bbox 909 2830 1011 2862; x_wconf 83' lang='lat' dir='ltr'>tum</span> <span class='ocrx_word' id='word_1_278' title='bbox 1052 2815 1335 2878; x_wconf 74' lang='lat' dir='ltr'>maJestate3</span> <span class='ocrx_word' id='word_1_279' title='bbox 1382 2818 1621 2885; x_wconf 73' lang='lat' dir='ltr'>Gratulor</span> <span class='ocrx_word' id='word_1_280' title='bbox 1647 2853 1662 2879; x_wconf 88' lang='lat'>,</span> <span class='ocrx_word' id='word_1_281' title='bbox 1701 2826 1884 2884; x_wconf 81' lang='lat' dir='ltr'>inquit,</span> 
     </span>
     <span class='ocr_line' id='line_1_37' title="bbox 209 2880 1878 3005; baseline 0.006 -76"><span class='ocrx_word' id='word_1_282' title='bbox 209 2880 297 2931; x_wconf 80' lang='lat' dir='ltr'>tibi</span> <span class='ocrx_word' id='word_1_283' title='bbox 337 2898 519 2943; x_wconf 85' lang='lat' dir='ltr'>novum</span> <span class='ocrx_word' id='word_1_284' title='bbox 559 2882 908 2949; x_wconf 83' lang='lat' dir='ltr'>Imperatorem</span> <span class='ocrx_word' id='word_1_285' title='bbox 947 2881 1212 2948; x_wconf 68' lang='lat' dir='ltr'>obtigisse,</span> <span class='ocrx_word' id='word_1_286' title='bbox 1251 2894 1326 2937; x_wconf 89' lang='lat' dir='ltr'>cui</span> <span class='ocrx_word' id='word_1_287' title='bbox 1366 2885 1572 2938; x_wconf 74' lang='lat' dir='ltr'>servias.</span> <span class='ocrx_word' id='word_1_288' title='bbox 1628 2884 1778 3005; x_wconf 41' lang='lat' dir='ltr'>Hffisit</span> <span class='ocrx_word' id='word_1_289' title='bbox 1815 2892 1878 2939; x_wconf 79' lang='lat' dir='ltr'>ad</span> 
     </span>
    </p>

    <p class='ocr_par' dir='ltr' id='par_1_4' title="bbox 1738 2975 1799 3006">
     <span class='ocr_line' id='line_1_38' title="bbox 1738 2975 1799 3006; baseline 0.016 -1"><span class='ocrx_word' id='word_1_290' title='bbox 1738 2975 1799 3006; x_wconf 79' lang='lat' dir='ltr'>aec</span> 
     </span>
    </p>
   </div>
  </div>
 </body>
</html>
