2389 3408
812 339 1266 415 (xxxix)

219 456 464 522 Thracia,
513 475 614 527 quae
652 461 696 507 in
734 457 986 510 Adriatico
1011 455 1139 521 flou,
1184 469 1409 509 contento
1433 454 1595 517 cursu,
1631 459 1866 508 acerrimo

218 532 339 583 duce
389 525 703 598 praefetstoque
749 524 898 578 claffis
945 528 1121 591 Ianone
1157 528 1318 591 Cogia
1363 525 1554 576 ltaliam
1603 522 1679 594 spe
1725 542 1872 592 atque

222 605 395 652 animis
433 596 733 649 inflammata
770 596 1004 664 petebat,
1040 597 1206 647 audita
1243 593 1432 662 suorum
1470 597 1609 646 clade
1649 602 1693 645 in
1736 597 1874 645 Hun-

223 677 354 735 garia
382 702 398 729 ‚
433 662 663 718 conversis
701 670 850 733 proris
887 665 991 716 vela
1027 663 1200 716 faceret
1225 698 1241 726 ‚
1281 665 1617 732 Venetamque
1660 666 1878 730 Rempu-

224 739 402 791 blicam
438 741 573 801 gravi
611 731 969 802 periculosoque
1017 732 1146 785 bello
1193 732 1496 785 debilitatam
1544 735 1607 785 ad
1645 731 1774 800 spem
1813 737 1876 781 in-

226 808 526 872 columitatis
550 836 566 864 ,
602 809 650 854 &
688 802 887 871 pristinae
922 804 1171 868 dignitatis
1205 811 1404 867 erigeret
1430 838 1440 849 .
1486 808 1655 871 itaque
1693 809 1774 852 vix
1808 818 1878 852 to-

225 884 289 928 tis
324 874 512 928 duobus
544 878 677 922 annis
714 870 896 924 bellum
928 885 1034 923 ‘tam
1073 870 1213 937 longe
1250 871 1438 938 lateque
1475 873 1682 923 divisum
1709 904 1726 933 ‚
1775 888 1875 938 quo

228 945 359 998 bello
396 944 580 994 Graecia
607 968 624 1002 5
666 936 805 991 ltalia
830 969 850 1002 ·‚
900 943 1158 1007 Hungaria
1197 941 1531 1008 premebantur
1557 974 1574 1003 ,
1620 944 1882 991 continenti

230 1011 544 1065 vidioriarum
580 1006 713 1061 cursu
748 1007 949 1061 confecit
974 1035 998 1076 ‚-
1047 1011 1358 1079 providitqtie
1406 1017 1451 1060 in
1501 1008 1740 1078 posterum
1767 1043 1783 1070 ,
1826 1022 1886 1059 'ut

228 1099 390 1134 contra
429 1086 665 1147 impetum
703 1077 1203 1147 transgredionemque
1232 1080 1503 1131 Turcarum
1542 1098 1634 1130 non
1671 1086 1885 1139 arcium,

230 1167 323 1202 non
355 1148 631 1201 fluminum
682 1145 935 1215 praefidio‚
982 1145 1059 1200 sed
1111 1148 1313 1199 vicioria
1364 1149 1611 1209 CAROL1‚
1660 1145 1888 1214 rebusque

229 1218 371 1287 gestis
413 1216 660 1269 Austriam
698 1224 936 1268 munitam
976 1217 1296 1269 haberemus.
1349 1220 1421 1267 At
1467 1232 1574 1267 ecce
1621 1216 1711 1267 tibi
1761 1218 1882 1266 divi·

233 1287 587 1340 num‘Numen
637 1302 731 1338 uno
777 1288 1047 1354 eodemque
1098 1303 1316 1352 ternpore
1366 1300 1512 1336 novas
1546 1292 1644 1348 j‘ar'n
1683 1283 1749 1334 illi
1790 1284 1887 1351 pal-

230 1375 336 1409 mas
373 1362 419 1405 in
462 1354 599 1405 ltalia
646 1353 865 1416 serebat,
914 1373 1032 1423 quas
1082 1372 1133 1406 ut
1182 1356 1488 1414 demeteret,
1538 1362 1617 1404 vix
1668 1350 1892 1420 respirans

231 1426 293 1478 ab
329 1424 636 1491 expeditione
677 1421 961 1488 Hungarica
989 1458 1004 1486 ‚
1041 1443 1100 1475 eo
1137 1422 1372 1474 victorem
1410 1432 1673 1474 exercitum
1711 1436 1892 1488 tempe-

234 1495 350 1547 state
387 1489 677 1543 difficillima
715 1493 1033 1559 deportavit5
1080 1500 1163 1560 qni
1221 1493 1284 1542 ad
1332 1508 1469 1542 oram
1519 1491 1714 1543 ficulam
1749 1486 1894 1540 claffe

234 1563 422 1616 delatus
448 1595 464 1623 ‚
499 1558 789 1613 descensione
826 1559 953 1612 fasta
980 1596 996 1625 ‚
1035 1562 1171 1613 urbes
1209 1566 1383 1629 partim
1422 1569 1468 1610 vi
1496 1591 1513 1619 ‚
1562 1566 1737 1628 partim
1773 1555 1892 1609 obfi-

234 1634 378 1684 dione
412 1637 592 1698 coepit3
632 1632 943 1699 Siciliamque
982 1634 1245 1683 universam
1270 1664 1286 1689 ‚
1322 1649 1426 1697 quae
1462 1626 1521 1679 fic
1551 1626 1736 1697 affecta
1761 1643 1893 1690 erat,

232 1720 286 1753 ut
323 1709 536 1764 regiones
569 1699 660 1748 illae
696 1696 842 1750 solent
867 1736 883 1763 ,
935 1708 981 1750 in
1017 1700 1191 1768 quibus
1226 1698 1408 1750 bellum
1447 1698 1674 1750 acerbum
1712 1698 1892 1747 diutur-

234 1786 447 1836 numque
485 1775 530 1818 in
567 1784 740 1831 magna
774 1776 1008 1831 ‘varietate
1047 1766 1282 1819 versatum
1309 1769 1385 1818 ‘est
1409 1801 1427 1829 3
1474 1786 1568 1819 non
1615 1783 1793 1818 terrore
1827 1783 1895 1816 aro

235 1852 472 1896 morum3
510 1835 585 1887 sed
621 1837 863 1889 celeritate
901 1838 1114 1889 vid'toriae
1151 1837 1341 1905 pacavit
1367 1872 1378 1883 .
1489 1902 1493 1904 .

306 1907 507 1972 Jamque
542 1914 745 1957 exremis
783 1906 996 1958 hostibus
1042 1918 1163 1957 terra
1215 1911 1430 1974 marique
1480 1905 1679 1957 domitis
1728 1918 1897 1972 pacem

239 1976 457 2042 Imperio
494 1975 717 2024 attulerat
756 1975 1006 2029 CAROLUS
1032 1991 1049 2035 3
1079 1970 1324 2043 reliquum
1359 1989 1459 2024 erat
1485 2008 1501 2035 ‚
1539 1992 1590 2027 ut
1628 1973 1898 2025 Constanti-

238 2050 285 2094 ni
339 2040 516 2106 Magni
567 2049 795 2109 pietatem
849 2048 1162 2104 imitaretur,
1222 2049 1305 2110 qui
1357 2058 1471 2110 pace
1523 2043 1737 2095 universo
1802 2044 1896 2092 lm-

239 2118 374 2180 perio
434 2110 644 2162 restituta
680 2145 696 2172 ,
758 2108 1054 2163 reddendam
1115 2130 1309 2181 quoque
1364 2111 1613 2176 Religioni
1672 2105 1904 2179 compofi-

233 2189 297 2231 tis
353 2185 453 2242 ejus
514 2179 713 2231 diffidiis
761 2188 991 2248 putavit,
1050 2187 1098 2234 &
1165 2178 1424 2232 Ecclefiam
1473 2182 1533 2233 ab
1587 2187 1907 2233 Atrianorum

238 2250 366 2317 peste
415 2250 793 2301 vindicandam.
847 2251 967 2301 Hoc
1017 2253 1080 2302 lui
1130 2257 1336 2301 muneris
1385 2248 1573 2319 putavit
1623 2251 1758 2311 esse,
1811 2248 1904 2300 huc

238 2331 452 2370 mentem
488 2320 716 2387 appulit.
770 2318 911 2371 Abiit
959 2333 1163 2382 tamen,
1209 2333 1303 2385 ego
1353 2336 1405 2370 ut
1454 2318 1546 2372 hoc
1595 2319 1702 2371 loco
1751 2317 1904 2369 facere

243 2392 516 2438 convicium
556 2395 610 2437 iis
648 2387 838 2449 velim,
868 2401 995 2455 vquos
1031 2405 1121 2440 *nec
1157 2395 1327 2440 erroris
1352 2422 1368 2449 ‚
1405 2407 1488 2439 nec
1525 2387 1806 2441 Schismatis
1843 2388 1903 2437 lave

241 2456 324 2508 bes
360 2456 607 2523 impedit,
643 2462 931 2525 quominus,
972 2474 1057 2523 pro
1092 2476 1260 2509 eorum
1299 2455 1474 2518 salute,
1512 2475 1562 2521 ut
1598 2477 1711 2508 cnm
1749 2457 1903 2507 Paulo

241 2526 414 2591 loquar
438 2558 455 2586 ‚
492 2525 747 2576 anathema
788 2522 880 2575 effe
917 2539 1145 2592 appetam
1181 2541 1329 2594 atque
1366 2525 1621 2594 deposcam
1653 2563 1662 2572 -
1715 2526 1902 2576 Verum

243 2593 385 2659 ipfius
418 2592 559 2660 causae
593 2614 648 2645 ac
686 2599 899 2645 veritatis
936 2601 1345 2660 praevaricatorem
1382 2594 1475 2646 effe
1514 2615 1591 2647 me
1619 2595 1900 2654 arbitrarer,

242 2662 274 2714 fi
303 2697 319 2725 ,
365 2680 467 2730 quae
513 2663 573 2715 ab
613 2663 705 2713 illis
752 2662 907 2713 audiri
958 2663 1142 2730 poffent
1189 2670 1398 2729 aegrius»,
1447 2673 1494 2718 &
1542 2680 1655 2716 cum
1707 2663 1902 2714 Caesaris

246 2731 390 2783 laude
425 2739 644 2784 omnium
682 2739 894 2783 maxima
933 2730 1135 2784 mirifice
1170 2734 1455 2800 copulantur
1483 2767 1498 2795 ,
1536 2741 1708 2784 tacitus
1745 2747 1900 2799 praete-

242 2808 385 2851 'rirem
412 2837 423 2848 .
479 2802 749 2853 Pervaserat
802 2801 1099 2852 Lutheriana
1139 2803 1235 2852 lues
1276 2809 1319 2851 in
1370 2799 1782 2868 Salesburgensem
1829 2816 1905 2851 co-

241 2876 476 2923 mitatum
514 2889 541 2921 a
579 2870 715 2936 'vulgi
764 2870 929 2922 studiis
976 2871 1039 2923 ad
1091 2870 1324 2924 nobilium
1374 2879 1579 2938 gratiam
1632 2870 1911 2939 provecta}

1751 2955 1843 2993 Una
