2446 3408
1110 385 1505 455 (xxiw)

487 500 691 569 pressam
746 498 1038 566 reliquerant
1087 502 1132 545 in
1179 515 1315 551 cereo
1365 497 1452 551 filii
1500 496 1710 562 animo}
1760 518 1821 551 ac
1877 501 2164 568 penitissime

483 569 719 625 inustam.
786 571 967 619 Annon
1006 567 1214 617 CAROLI
1296 575 1515 620 animum
1581 570 1645 619 ad
1704 565 1826 620 satus
1886 571 2163 636 Religionis

486 636 789 706 accipiendos
819 670 834 697 ‚
885 653 938 687 ut
985 654 1146 693 caetera
1206 638 1461 699 deessent,
1512 636 1703 689 abunde
1741 639 2031 706 praeparabat
2070 640 2164 707 spe-

482 717 574 761 cies
612 707 694 758 illa
734 704 967 771 Augustae
1003 725 1057 758 ac
1103 713 1274 762 Patriae
1313 709 1513 758 Pietatis
1554 707 1694 774 plane
1738 713 1916 758 eximia
1942 742 1958 769 ‚
2009 727 2162 776 quam

484 787 705 837 intuenS,
758 780 805 824 in
854 793 1006 843 eaque
1058 779 1159 830 dies
1199 774 1458 845 noctesque
1505 773 1696 827 defixus
1746 777 1807 826 ad
1852 776 1978 828 illius
2021 787 2065 827 iri
2116 777 2159 829 se

483 845 845 900 similitudinem
883 851 1255 912 exprimendam
1283 880 1300 907 ‚
1348 847 1638 896 admonente
1680 862 1845 896 natura
1874 878 1890 905 ‚
1943 864 2154 897 mentem

482 931 776 985 operamque
816 914 1044 978 dirigeret
1074 921 1090 966 ἓ
1140 918 1343 984 Quoties
1372 913 1656 982 Leopoldus
1685 914 1966 981 complexus
1996 913 2153 966 filium

480 994 579 1049 iam
631 983 834 1051 publicis
882 983 1308 1037 acclamationibus
1362 985 1558 1049 Regem
1613 984 1856 1050 Hispania:
1907 989 2152 1047 inaugura-

483 1073 589 1109 tum
640 1050 905 1104 identidem
947 1056 1274 1116 ingeminabat
1301 1087 1316 1115 ‚
1367 1053 1489 1103 illud
1540 1054 1815 1119 Imperium
1856 1051 1949 1103 effe
1991 1050 2151 1102 firmis-

482 1123 655 1176 simum
681 1155 698 1184 ,
734 1121 868 1189 quod
909 1121 1174 1187 Religione
1211 1131 1474 1174 niteretur:
1516 1126 1655 1172 variis
1696 1140 1722 1170 e
1760 1118 1940 1172 casibus
1981 1124 2148 1189 pende-

484 1213 531 1245 re
569 1193 826 1243 hominum
866 1187 1107 1244 fortunam
1148 1191 1486 1259 singulorum3
1541 1205 1590 1240 at
1639 1208 1698 1240 ex
1752 1209 1841 1240 una
1887 1191 2150 1254 Religione

484 1278 597 1330 apta
634 1258 728 1311 esse
770 1261 1060 1323 Regnorum
1100 1261 1241 1324 fata3
1295 1259 1469 1311 habere
1507 1259 1642 1309 domi
1673 1292 1689 1320 ,
1740 1259 1868 1311 unde
1908 1258 2103 1310 disceret
2132 1294 2149 1320 ‚

483 1333 604 1383 Deo
639 1328 900 1388 assertore,
946 1347 1002 1378 ac
1042 1332 1189 1382 veluti
1229 1333 1452 1382 Statore:
1502 1326 1697 1377 sortuiiae
1736 1325 1867 1378 casus
1920 1348 2011 1379 non
2054 1325 2148 1378 effe

482 1396 856 1451 extimescendos
881 1432 892 1442 .
936 1396 1165 1450 Docebat
1202 1398 1322 1468 quid
1360 1395 1589 1448 antead‘tae
1630 1403 1734 1447 vitae
1769 1398 2015 1447 curriculo
2054 1394 2149 1461 spe·

482 1470 625 1520 ‹starit
654 1465 748 1534 ipse
774 1499 790 1527 ‚
830 1465 949 1532 quid
974 1474 1125 1531 egerit
1150 1502 1165 1528 ,
1212 1466 1465 1530 Religioni
1494 1463 1720 1531 pugnasse
1749 1498 1765 1525 ,
1809 1465 1920 1515 huic
1949 1464 2107 1515 viciise
2136 1486 2146 1515 ε

481 1539 715 1605 radioque
752 1532 1013 1585 describens
1050 1536 1247 1589 Budam
1304 1537 1569 1599 Hungariae
1615 1549 1760 1600 caput
1801 1533 2054 1599 Religioni
2085 1533 2148 1583 as-

479 1610 650 1658 sertam
675 1638 692 1666 ,
729 1618 803 1654 tot
841 1602 977 1654 urbes
1014 1604 1339 1658 Ottomaiiicae
1366 1601 1694 1669 Superstitioni
1732 1620 1917 1670 ereptas
1940 1637 1956 1665 ‚
1995 1620 2145 1670 quam

479 1673 593 1742 saepe
630 1673 704 1723 his
742 1671 938 1724 vocibus
974 1680 1107 1739 pueri
1143 1683 1362 1728 animum
1402 1670 1650 1721 imbuebat
1681 1692 1689 1721 z
1743 1674 1839 1722 Hae
1875 1671 1963 1723 tibi
2004 1687 2143 1722 erunt

479 1759 601 1795 artes
625 1775 642 1802 ,
679 1742 775 1792 haec
813 1739 965 1792 studia
988 1774 1004 1802 ‚
1043 1741 1117 1792 his
1154 1745 1241 1796 tibi
1279 1740 1507 1809 gradibus
1533 1773 1550 1800 ‚
1590 1740 1729 1800 Fili,
1779 1742 1844 1789 ad
1882 1759 1996 1805 opes
2035 1741 2138 1804 glo-

478 1818 698 1879 riamque
732 1809 800 1860 est
836 1809 1157 1873 enitendum3
1208 1814 1286 1864 Te
1336 1824 1552 1860 meorum
1592 1825 1677 1874 pro
1719 1807 1981 1872 Religione
2022 1813 2137 1874 peri-

477 1882 697 1932 culorum
746 1877 973 1932 heredem
1024 1878 1207 1933 lcribo.
1261 1882 1382 1931 Haec
1434 1876 1502 1926 illi
1550 1881 1648 1936 jam
1696 1893 1800 1928 tum
1853 1876 2135 1943 praecinebat

477 1949 671 2002 oracula
718 1945 943 1999 fatidicus
992 1949 1136 2000 Pater
1183 1969 1288 2002 non-
1325 1944 1417 1997 siue
1465 1943 1689 1996 instinctu
1738 1943 2006 2013 afflatuque
2055 1964 2138 1996 nu-

477 2024 656 2071 minis.

549 2089 728 2148 Nam,
775 2086 937 2138 videte
986 2089 1182 2156 quaeso,
1231 2103 1381 2156 quam
1428 2082 1628 2137 occultis
1675 2082 1877 2136 consiliis
1905 2118 1920 2145 ‚
1985 2101 2134 2153 quam

476 2156 608 2209 teOta
654 2161 703 2207 &
752 2155 1083 2208 inobservabili
1138 2165 1213 2210 via
1268 2157 1552 2208 CAROLUM
1594 2170 1706 2206 natu
1744 2162 1978 2205 minorem
2016 2155 2141 2204 divi-

475 2244 536 2276 na
577 2223 885 2275 Providentia
920 2226 983 2275 ad
1035 2226 1302 2295 Imperium
1354 2225 1672 2284 informaret,
1721 2221 1979 2291 sensimque
2029 2238 2134 2288 pro-

474 2293 712 2353 veheret,
760 2307 905 2360 quem
951 2311 1098 2345 annos
1147 2302 1226 2346 vix
1275 2311 1440 2347 natum
1488 2293 1766 2346 octodecim
1808 2286 2136 2359 Hispaniensis

475 2360 759 2413 belliveiut
795 2360 1049 2427 tempestas
1084 2364 1145 2415 ab
1186 2364 1522 2428 Augustorum
1573 2378 1824 2431 parentum
1870 2356 2133 2423 complexi-

478 2430 566 2481 bus
605 2444 794 2495 repente
842 2429 1032 2480 divellit
1079 2452 1138 2484 eo
1185 2430 1422 2496 consilio,
1472 2449 1524 2485 ut
1575 2438 1620 2482 in
1668 2430 1807 2481 rebus
1844 2426 1996 2478 ducstu
2045 2423 2135 2476 suo-

477 2498 696 2563 gerendis
732 2495 793 2546 ab
830 2503 967 2548 initio
1006 2500 1211 2552 versatus
1248 2508 1392 2552 aetatis
1435 2503 1631 2570 Imperii
1669 2502 1890 2548 omnium
1928 2500 2134 2545 maximi

476 2571 698 2617 tirocinia
735 2564 1002 2636 adolescens
1038 2586 1277 2636 poneret3
1325 2577 1460 2633 cujus
1495 2590 1550 2622 ea
1587 2572 1741 2634 prima
1782 2565 1883 2616 laus
1918 2565 2033 2614 esset
2069 2568 2133 2612 ni-

480 2635 549 2684 hil
589 2633 759 2686 debere
795 2634 1028 2696 sortiriiae,
1081 2657 1135 2689 ac
1186 2639 1325 2704 longe
1372 2659 1398 2691 a
1446 2640 1599 2689 domo
1647 2632 1890 2701 regnisque
1928 2638 2133 2700 paternis

481 2703 578 2770 ipse
627 2708 845 2770 princeps
888 2712 1119 2757 exercitus
1166 2706 1412 2769 faciendi,
1473 2711 1523 2758 ἀ
1573 2701 1766 2772 praesidii
1815 2699 2130 2768 comparandi

477 2788 664 2823 exteros
713 2767 797 2820 fibi
846 2772 1054 2838 populos
1116 2774 1393 2838 adjungeret
1421 2793 1439 2835 3
1497 2779 1734 2825 maximas
1794 2769 2130 2823 foederatorum

479 2839 697 2890 aedificari
733 2845 983 2907 ornarique
1020 2840 1185 2893 classes
1219 2859 1404 2894 curaret
1428 2877 1444 2905 ‚
1492 2860 1697 2911 quarum
1747 2841 1915 2893 robore
1963 2843 2129 2890 succin-

479 2907 584 2959 <stus
619 2909 680 2959 ad
716 2913 904 2959 avitum
933 2907 1178 2975 Hispaniae
1215 2930 1412 2975 regnum
1448 2910 1783 2977 capesseiidum
1821 2914 1982 2977 primo
2016 2923 2130 2972 quo-

1967 2998 2059 3049 que
