2389 3408
438 405 527 443 una
567 407 648 457 per
685 384 804 438 illud
846 387 1041 454 Imperii
1079 383 1202 437 latus
1250 386 1524 438 Germaniae
1560 388 1706 438 totius
1736 387 1942 452 Religio
1972 403 2093 455 pete·

440 451 610 511 batur.
662 460 735 507 At
783 454 1081 523 CARoms,
1128 461 1211 523 qui
1262 462 1543 522 primariam
1594 456 1965 506 advocationem
2004 458 2100 507 Ca-

437 528 601 578 tholici
653 525 848 591 Imperii
898 516 1189 585 sustinebat,
1237 539 1338 574 tarn
1389 524 1657 591 praeclaram
1708 525 1768 574 de
1818 525 2094 576 Christiana

441 592 718 661 Republica
764 588 1096 643 benemerendi
1144 590 1438 644 occasionem
1499 597 1703 660 arripuit
1765 592 1950 644 libens.
2017 590 2105 644 Ac*

438 670 596 731 primo
631 661 806 713 edictis
842 666 890 712 &
939 663 1248 728 imperatorio
1294 667 1434 725 jure,
1485 668 1678 712 innoxio
1726 661 1839 712 belli
1887 681 2099 727 genere,

438 731 524 783 fibi
560 733 793 783 utendum
830 730 968 780 duxit
994 763 1004 772 -
1044 728 1190 780 Estne
1226 729 1413 798 aliquid
1451 731 1512 782 ab
1549 749 1608 781 eo
1645 729 1830 781 facC‘tum
1860 765 1874 792 ‚
1915 732 1986 781 vel
2027 748 2102 780 ex-

437 798 641 868 preffum
680 799 740 851 ab
777 797 968 849 invictis
1004 814 1115 848 cum
1164 797 1339 865 aliqua·
1373 800 1649 868 cujusquam
1702 806 1865 861 injuria
1896 805 1913 849 ?
1964 799 2100 865 Qud

433 889 525 920 non
562 869 853 919 moderate?
893 866 1027 930 Quid
1065 886 1156 917 non
1194 869 1451 919 clementer
1475 871 1503 917 ?
1552 869 1712 933 Qam
1756 870 1898 933 plenae
1934 867 2102 919 huma·

433 944 592 989 nitatis
630 956 767 988 voces
804 936 890 988 illae
927 935 1154 985 Caeiaris:
1204 936 1288 987 suae
1324 934 1408 986 sint
1447 937 1756 988 Lutherianis
1795 939 1920 1002 leges
1946 972 1961 998 ‚
2012 935 2097 987 lint

435 1014 534 1069 jura
572 1008 789 1075 quaedam
830 1004 946 1054 alias
991 1001 1241 1055 concessa.
1293 1005 1433 1056 Nolo
1480 1026 1556 1057 me
1607 1007 1850 1056 duriorem
1879 1041 1893 1066 ,
1946 1024 2097 1073 quain

437 1077 585 1127 velint
611 1110 627 1136 ,
667 1082 713 1127 &
750 1072 1042 1125 acerbiorem
1078 1079 1380 1140 experiantur
1407 1110 1418 1121 ·
1460 1082 1533 1127 At
1569 1077 1787 1142 quaedam
1828 1076 1896 1125 illi
1935 1091 2100 1126 contra

437 1144 565 1209 leges
606 1147 803 1212 Imperii
842 1139 1147 1192 invaserunt?
1186 1159 1457 1208 repetantur
1490 1164 1544 1195 ea
1583 1152 1684 1194 iane
1713 1178 1727 1202 ,
1766 1163 1819 1193 ac
1858 1144 2099 1208 restituan-

433 1230 509 1265 tur
532 1249 544 1260 .
582 1212 687 1277 Jure
722 1212 785 1263 ad
822 1216 1040 1272 injuriam
1077 1209 1205 1261 abusi
1244 1207 1345 1262 lunt
1375 1215 1391 1261 .>
1430 1214 1711 1276 Abrogetur
1746 1212 1978 1274 ejusmodi
2008 1245 2024 1272 ,
2065 1210 2099 1262 fi

436 1282 554 1351 quid
590 1281 657 1332 est
690 1315 706 1342 2
766 1299 820 1330 ac
856 1285 1042 1329 irritum
1078 1279 1171 1329 effe
1220 1280 1440 1339 jubeatur
1477 1319 1487 1329 .
1543 1282 1749 1348 ‘l‘empla
1801 1289 1846 1330 in
1907 1281 2104 1348 oppidis

437 1349 665 1419 pagisque
703 1346 976 1400 Catholicis
1009 1365 1169 1398 contra
1210 1347 1276 1398 fas
1313 1355 1360 1401 dc
1399 1370 1584 1418 aequuin
1622 1356 1970 1402 extruxerunt?
2017 1355 2105 1400 eri·

433 1428 621 1487 piantur
646 1456 656 1465 .
709 1421 880 1483 Ingens
917 1424 1149 1484 aequitatis
1187 1433 1275 1468 tuae
1298 1451 1313 1479 ‚
1365 1419 1591 1471 CAROLE
1618 1451 1633 1478 9
1684 1424 1731 1470 &
1785 1437 1868 1484 par
1903 1418 2055 1484 gloria
2084 1451 2101 1480 ‚

433 1488 508 1539 seu
556 1486 717 1550 iubeas
764 1506 816 1537 ea
868 1501 967 1536 rata
1019 1485 1111 1536 effe
1161 1506 1261 1554 quae
1311 1482 1562 1553 pei-missa,
1611 1483 1704 1537 sive
1739 1495 1887 1538 etiarn
1926 1521 1942 1550 ‚
2003 1506 2106 1555 quae

437 1557 600 1619 secuS,
639 1554 857 1607 rescindi.
897 1556 989 1605 Sed
1031 1553 1180 1606 nescio
1217 1557 1469 1623 quomodo
1504 1560 1603 1615 jam
1655 1555 1800 1620 longo
1839 1555 1918 1608 usu
1955 1555 2107 1607 obdu·

438 1640 592 1677 ruerat
612 1646 633 1686 ·,
683 1631 732 1677 &
782 1624 1088 1691 percalluerat
1141 1632 1183 1674 in
1223 1643 1417 1674 omnem
1455 1642 1809 1674 contumaciam
1863 1624 2098 1692 scelusque

435 1693 648 1762 projecta
689 1690 929 1745 Haeiesis.
982 1694 1142 1759 Qiaoe
1167 1727 1182 1754 ‚
1219 1711 1329 1743 cuin
1369 1695 1452 1743 diu
1491 1699 1623 1741 omni
1664 1711 1797 1743 mora
1825 1727 1841 1755 ‚
1890 1693 2106 1744 ludifica-

435 1772 603 1823 tione,
656 1765 702 1815 δε
755 1768 912 1829 patriae
966 1763 1242 1825 Religionis
1290 1761 1530 1811 calumnia
1580 1762 1859 1812 auetoritati
1911 1761 2106 1812 Caesaris

437 1832 792 1893 intercessisset,
833 1829 1010 1898 praecise
1049 1837 1240 1895 negavit
1281 1839 1511 1897 imperata
1552 1826 1702 1880 facere
1728 1863 1738 1874 ·
1794 1833 1914 1881 Haec
1950 1849 2106 1895 geme-

436 1898 516 1953 bat
581 1903 843 1969 Epilcopus
905 1896 1272 1965 Salesburgenfis
1321 1905 1538 1966 apprime
1600 1899 1929 1962 Catholicus‚
1979 1899 2107 1950 dole-

440 1972 551 2022 bant
591 1969 701 2021 boni
740 1989 930 2021 omnes.
1408 2031 1412 2035 .
2082 1999 2087 2019 ·.

506 2041 610 2090 Hic
647 2039 937 2106 aliquando,
975 2036 1115 2090 serius
1152 2056 1299 2107 quam
1340 2036 1433 2107 ipse
1471 2034 1614 2090 vellet
1641 2073 1657 2100 ‚
1707 2039 1962 2092 CAROLUS
2015 2038 2110 2087 Im·

449 2126 666 2175 perator,
704 2115 931 2159 excitavit
980 2110 1112 2158 illam
1165 2114 1291 2159 luam
1344 2128 1436 2158 non
1486 2113 1690 2174 sopitam
1732 2142 1748 2169 ,
1797 2104 1874 2154 led
1913 2105 1989 2169 spe
2059 2112 2109 2157 ὅ(

441 2179 691 2226 clementia
756 2178 1044 2227 retardatam
1106 2175 1495 2227 consuetudinem
1560 2183 1620 2225 rei
1663 2174 1931 2226 Catho²icae
1992 2174 2110 2224 bene

446 2247 659 2310 gerendae
684 2282 694 2292 .
735 2247 853 2296 Non
890 2245 954 2295 est
982 2245 1137 2313 passus
1176 2246 1253 2295 ille
1295 2247 1412 2306 Vir,
1452 2252 1534 2313 qui
1567 2245 1790 2296 omnibus
1818 2241 1954 2292 bellis
1987 2261 2110 2294 terra

441 2321 655 2381 marique
704 2312 1016 2381 compreffis,
1087 2317 1350 2381 Imperium
1401 2315 1752 2364 Germanicum
1811 2314 2013 2372 Daciae,
2061 2318 2111 2363 δε

442 2381 622 2433 Moesiae
682 2390 894 2433 terminis
956 2381 1244 2433 definivisset
1281 2418 1297 2443 ,
1367 2385 1682 2447 Religionem
1739 2386 1889 2433 everti
1941 2380 2111 2431 scelere

442 2470 733 2517 paucorum,
772 2470 917 2518 quain
958 2453 1049 2519 ipse
1089 2472 1178 2502 non
1219 2452 1368 2503 solum
1406 2452 1609 2504 consiliis
1636 2486 1651 2512 ,
1700 2449 1777 2502 sed
1825 2456 1972 2501 etiam
2012 2455 2113 2517 opi-

445 2521 531 2570 bus
568 2519 654 2570 suis
705 2520 815 2586 siaepe
865 2520 1079 2572 servasset
1128 2557 1138 2567 .
1217 2521 1423 2573 Accessit
1474 2522 1536 2572 ad
1584 2517 1772 2571 causam
1822 2519 2111 2586 publicam3

448 2596 612 2655 copias
650 2589 864 2654 expediri
902 2589 1025 2648 juffit
1061 2627 1071 2637 .
1138 2590 1252 2640 Non
1305 2592 1440 2642 illum
1480 2610 1505 2640 a
1545 2587 1789 2657 proposito
1828 2602 2110 2638 revocarunt

445 2664 550 2707 vani
605 2674 852 2718 terrore3‚
901 2664 947 2710 &
1000 2657 1276 2708 meticulosa
1336 2660 1646 2726 quorundam
1709 2658 1768 2708 de
1821 2664 1885 2707 rei
1938 2673 2111 2707 eventu

447 2725 569 2775 male
622 2732 943 2777 ominantium
1006 2734 1226 2778 vaticinia
1268 2763 1279 2773 .
1344 2730 1643 2779 Vaticinium
1705 2725 1878 2777 Caesari
1926 2740 2110 2776 certum

449 2795 722 2859 Religionis
768 2813 862 2847 vox
913 2793 1001 2846 fuit
1044 2830 1060 2858 ‚
1104 2815 1205 2863 quae
1258 2797 1475 2864 precibus
1523 2795 1822 2863 lacrimisque
1872 2793 2112 2845 vindicem

1963 2878 2045 2911 im-

484 2983 524 3001 'x
