2446 3408
854 356 1302 427 (XXVIL)

226 483 414 537 repente
450 490 477 523 a
514 469 747 522 militibus
773 501 788 529 ,
838 487 864 519 a
903 466 1137 521 foederatis
1164 503 1178 530 ‚
1229 488 1255 519 a
1306 468 1442 522 rebus
1477 469 1701 523 omnibus
1738 477 1887 539 impa-

228 537 478 592 ratiffimos
511 538 690 592 bellum
728 536 1020 605 oppresserat
1045 573 1061 600 ‚
1100 557 1268 590 nervos
1306 538 1414 590 illos
1440 539 1658 607 pristinos
1684 575 1700 602 ‚
1736 558 1883 608 atque

230 606 417 659 insitum
454 614 604 660 animi
641 607 784 659 robur
821 625 937 674 pene
973 607 1240 670 abiecerant
1267 644 1278 654 .
1332 612 1406 659 At
1445 610 1736 671 CAROLUS‚
1788 609 1891 676 quo'

229 684 424 745 propius
459 683 605 728 cernit
642 677 949 745 periculum,
998 694 1057 727 co
1105 683 1150 726 in
1202 676 1406 742 speciem
1454 679 1660 730 erectior
1707 677 1888 729 celsior-

229 765 321 814 que
347 780 363 808 ,
399 764 543 815 atque
579 765 604 796 a
643 747 806 797 divina
846 745 1148 813 providentia
1189 745 1528 815 usquequaque
1566 750 1770 815 pendere
1794 764 1885 798 cer-

230 832 277 866 ta
314 817 526 883 quadarn
566 815 844 867 inductione
879 820 1028 865 animi
1076 813 1283 866 assuetus
1309 849 1324 875 ,
1377 815 1479 866 suos
1527 824 1660 868 omni
1709 824 1890 868 ratione

229 885 514 948 confirmat3
551 885 770 935 hortatur
806 902 862 935 ne
899 886 1159 950 improviso
1197 883 1328 934 malo
1367 884 1453 935 ἰᾶἰ
1488 887 1774 937 contrahant
1801 892 1895 936 ani·-

231 972 377 1015 mos³
438 959 685 1023 proprium
734 952 827 1004 effe
875 952 1056 1020 hispani
1104 960 1287 1019 generis
1335 971 1390 1005 ac
1426 954 1665 1018 sanguinis
1701 957 1933 1006 demon·‘

231 1022 371 1074 strare
409 1025 642 1091 quidnam
681 1023 849 1074 divino
885 1019 1004 1073 fulta
1042 1023 1252 1090 praefidio
1291 1028 1510 1088 paucitas
1560 1022 1697 1091 poffit
1724 1030 1747 1085 3
1793 1026 1890 1075 Ac·

226 1097 324 1143 ,cita
363 1099 460 1154 jam
497 1113 522 1145 a
560 1093 810 1143 Britannia
847 1091 1023 1142 auxilia
1062 1091 1346 1160 propediem
1399 1090 1653 1154 affutura3
1701 1108 1894 1143 tantum

232 1166 408 1212 interea
444 1161 487 1214 se
526 1161 609 1229 ipsi
648 1167 774 1213 viros
811 1159 1085 1235 praebeant,
1133 1180 1188 1212 ac
1237 1157 1312 1225 spe
1359 1166 1458 1221 jam
1510 1166 1782 1229 praecipiant
1832 1165 1895 1211 vi·

232 1229 438 1282 &oriam
466 1264 483 1292 ‚
519 1238 650 1293 cuius
699 1230 829 1297 quasi
869 1228 1049 1295 {ignum
1089 1230 1289 1297 aliquod
1317 1262 1333 1290 ,
1382 1231 1445 1279 ad
1485 1229 1600 1280 bene
1650 1232 1710 1280 de
1758 1235 1893 1280 omni

232 1316 405 1351 eventu
440 1298 723 1367 sperandum
751 1331 767 1359 ‚
816 1295 1025 1366 suspenso
1072 1300 1135 1349 ad
1185 1315 1317 1348 aram
1361 1297 1578 1362 Virginis
1617 1296 1896 1349 Montisfer·

229 1375 319 1417 rati
356 1369 524 1432 gladio
549 1402 564 1430 ,
613 1373 754 1418 annis·
781 1363 1092 1433 superioribus
1130 1366 1374 1418 sustulerat
1401 1401 1412 1412 .
1464 1366 1719 1429 Eiusmodi
1770 1373 1893 1418 voci-

229 1435 317 1487 bus
354 1437 542 1504 publice
581 1442 905 1504 privatimque
938 1434 1200 1487 obfirmato
1247 1436 1310 1486 ad
1359 1453 1554 1486 omnem
1606 1443 1890 1502 patientiam

231 1506 379 1556 militi
419 1522 606 1556 tantum
647 1505 828 1556 ardoris
865 1504 1093 1565 injectum
1120 1504 1188 1555 est
1213 1504 1417 1572 praesenti
1446 1512 1621 1556 virtute
1650 1505 1889 1565 Canon,

229 1590 282 1625 ut
331 1574 393 1626 ad
441 1590 652 1626 extrema
703 1581 867 1625 omnia
915 1574 1223 1642 perpetienda
1274 1580 1475 1640 potiu3‚
1523 1591 1672 1641 quam
1723 1575 1891 1626 urbem

231 1641 538 1694 deserendam
577 1643 737 1694 cundii
777 1643 1144 1694 accenderentur
1170 1678 1180 1689 .
1228 1643 1358 1708 Qin
1408 1650 1558 1693 etiam
1611 1644 1899 1710 conspiratio

227 1713 481 1779 motusque
519 1720 790 1762 animorum
830 1710 973 1780 usque
1010 1713 1133 1762 adeo
1172 1713 1365 1762 incaluit
1391 1744 1407 1771 ,
1457 1727 1508 1761 ut
1560 1711 1631 1762 vel
1671 1713 1773 1778 ipsae
1801 1709 1897 1761 his-

229 1798 362 1847 panae
399 1779 619 1832 mulieres
670 1789 713 1832 in
762 1782 987 1832 eamdem
1039 1780 1257 1831 laborum
1309 1799 1363 1831 ac
1411 1780 1571 1843 gloriae
1619 1777 1894 1831 societatem

233 1847 321 1900 sese
356 1848 658 1911 obtulerint3
705 1868 731 1899 e
780 1850 952 1917 quibus
987 1849 1086 1899 aliae
1121 1868 1253 1900 arma
1281 1884 1295 1911 ‚
1344 1863 1510 1899 contos
1534 1881 1551 1910 ,
1604 1849 1849 1899 machinas
1875 1884 1892 1910 ,

230 1923 280 1970 &
312 1919 556 1986 quidquid
593 1919 655 1969 ad
693 1918 1018 1984 repellendum
1059 1916 1242 1969 hostem
1280 1937 1400 1984 opus
1436 1933 1536 1968 erat
1561 1950 1577 1978 ‚
1616 1924 1789 1984 raptim
1818 1938 1894 1968 ex-

233 1987 489 2053 pediebant
515 2021 532 2048 ‚
580 1988 679 2037 aliae
714 1987 777 2037 ad
815 1993 982 2038 moenia
1019 1987 1359 2037 dimicantibus
1408 1992 1519 2036 viris
1555 1985 1751 2038 aderant
1790 1993 1895 2036 viri-

234 2056 267 2105 li
330 2056 469 2123 plane
519 2055 821 2117 constantia,
869 2071 922 2106 ut
973 2053 1132 2106 sauciae
1194 2054 1469 2116 nonnussae,
1533 2060 1614 2104 vix
1663 2056 1894 2119 obligatis

236 2124 390 2191 plagis
417 2159 432 2188 ‚
469 2124 532 2175 ad
571 2125 838 2177 institutum
877 2124 1082 2176 redirent
1110 2161 1120 2171 .

306 2195 412 2245 Hic
445 2199 693 2245 enimvero
741 2209 1020 2245 veteranum
1074 2195 1423 2262 Imperatorem
1471 2191 1513 2243 se
1553 2192 1689 2260 plane
1729 2193 1894 2258 proba·

236 2269 308 2314 vit
360 2262 644 2319 CAROLUS.
697 2263 849 2313 Erant
909 2263 1062 2314 multa
1125 2267 1279 2314 fateor
1338 2262 1398 2312 ab
1448 2261 1533 2312 illo
1582 2257 1898 2328 superioribus

236 2335 368 2382 annis
407 2332 619 2394 praeclare
656 2331 824 2395 gesta3
872 2347 922 2383 at
971 2332 1184 2382 nondum
1235 2333 1504 2399 quidquam
1545 2335 1605 2379 ita
1647 2329 1727 2381 suo
1775 2348 1895 2380 mar-

236 2418 283 2452 te
319 2397 521 2464 gefferat
547 2436 563 2464 ,
611 2406 726 2467 quin
766 2401 1028 2467 plurimum
1065 2398 1147 2452 fibi
1183 2419 1240 2451 ex
1278 2400 1446 2451 bellica
1498 2399 1638 2449 laude
1685 2396 1897 2449 consilio-

237 2486 342 2520 rum
381 2468 527 2519 duces
574 2468 918 2536 decerperent3
970 2470 1107 2528 hujus
1144 2487 1256 2519 vero
1293 2469 1454 2534 gloriae
1490 2487 1635 2535 quarn
1673 2484 1780 2518 toto
1817 2467 1898 2518 ob·

237 2536 433 2588 fidionis
481 2553 697 2606 ternpore
746 2540 948 2604 adeptus
993 2537 1102 2599 est,
1153 2538 1331 2589 soclum
1384 2536 1554 2588 habuit
1607 2540 1848 2586 neminem
1886 2572 1896 2581 .

238 2607 379 2658 Unus
417 2604 594 2657 ducum
632 2611 849 2657 omnium
890 2625 1081 2656 munera
1112 2639 1126 2666 ‚
1166 2626 1221 2657 ac
1262 2625 1379 2673 pene
1419 2606 1633 2656 militum
1690 2604 1901 2664 ebibatg.

235 2674 397 2744 praesto
432 2692 531 2724 erat
569 2675 745 2742 ubique
771 2708 787 2735 ,
835 2691 887 2724 ut
931 2678 1145 2742 quidque
1195 2676 1324 2726 locus
1359 2681 1406 2726 ἀ
1444 2691 1633 2741 tempus
1682 2674 1853 2723 tulerat
1879 2705 1898 2733 ‚

235 2762 343 2795 acer
366 2777 382 2803 ‚
433 2743 548 2806 vigil
571 2777 587 2804 ‚
636 2744 939 2810 experrectus
964 2779 980 2805 ,
1029 2742 1222 2795 consilio
1248 2779 1264 2805 ,
1314 2762 1458 2794 mauu
1484 2777 1500 2804 ‚
1550 2742 1839 2794 auctoritate
1877 2774 1894 2801 ‚

238 2832 322 2880 par
356 2811 580 2862 omnibus
616 2818 823 2872 muniis,
863 2813 1086 2863 omnibus
1123 2819 1318 2874 major3
1355 2817 1487 2871 cujus
1521 2829 1575 2860 ea
1616 2816 1771 2877 prima
1814 2815 1898 2859 rni-

236 2883 388 2936 litatis
426 2883 688 2948 prudentiae
723 2882 825 2933 laus
848 2915 864 2944 7
913 2900 966 2932 ac
1005 2887 1165 2949 potior
1202 2880 1291 2932 fuit
1317 2915 1332 2943 2
1382 2899 1474 2931 non
1512 2896 1692 2930 temere
1709 2897 1776 2998 dn
1814 2877 1894 2928 ho·

1072 2969 1095 3001 e
1172 2968 1198 3001 2.
1751 2963 1828 2997 em
