2446 3408
1027 270 1051 338 (
1093 269 1152 321 V·
1190 267 1213 336 )

279 389 697 476 adjiciendam
740 410 970 478 putent
1014 415 1030 454 ε
1103 399 1193 459 Ta
1242 397 1576 473 constantia
1629 400 1708 467 ἔθ’
1742 403 1946 484 forti-

278 512 497 574 tudine
539 515 731 597 plane
783 513 1153 577 admirabili
1192 564 1209 590 ,
1304 522 1413 580 vix
1465 521 1666 584 Patre
1735 524 1942 585 indal-

266 629 593 714 gentiffimo
646 633 871 695 orbata
916 672 939 709 9
989 653 1122 695 cnm
1172 636 1406 699 vulnus
1456 642 1521 700 in
1564 659 1760 704 morte
1806 644 1962 725 ejas*

279 767 596 833 acceptam
669 771 819 815 vere
859 752 1134 831 sentires
1175 793 1198 830 ‚
1268 759 1365 817 ita
1416 761 1691 839 aggreffa
1744 780 1812 822 es
1863 760 1951 821 ad

280 873 612 933 maximnm
658 875 989 955 imperinm
1040 875 1373 954 regendam
1415 914 1438 952 ‚
1509 893 1583 938 tit
1633 880 1809 942 nnlla
1867 880 1944 939 Te

278 990 511 1051 doloris
564 990 884 1054 acerbitas
926 1011 975 1054 a.
992 991 1252 1072 summis
1297 997 1791 1078 occupationibus
1832 1018 1941 1060 ar-

272 1127 440 1172 ceret
517 1109 1014 1194 distraheretque
1062 1158 1077 1172 .
1145 1115 1309 1203 Qtin
1365 1118 1541 1176 immo
1598 1118 1741 1178 inde
1785 1135 1948 1200 prn-

278 1230 495 1292 a'entiae
581 1229 920 1311 consiliique
1013 1233 1171 1312 leges
1252 1250 1534 1316 repetere
1596 1235 1726 1314 visa
1816 1255 1883 1297 es
1924 1273 1948 1311 ,

277 1349 439 1410 ande
486 1369 524 1410 a
583 1351 843 1410 Femina
888 1388 910 1424 9
959 1346 1316 1432 snaviffimae
1376 1352 1721 1434 prasertim
1771 1356 1942 1416 indo-

280 1470 363 1530 lis
398 1516 414 1541 ,
479 1467 731 1547 accessio
796 1467 1031 1530 doloris
1093 1470 1514 1533 intolerabilis
1546 1473 1772 1553 fniſj'et
1834 1495 1935 1535 ex«

268 1585 616 1670 spefflanda
668 1629 683 1645 .
746 1586 1113 1650 Memoriam
1163 1593 1321 1650 enim
1374 1610 1588 1653 rernm
1642 1611 1681 1651 a
1736 1593 1939 1655 Patre

275 1706 394 1768 Tuo
426 1703 740 1787 gestarum
769 1705 1088 1788 saepissime
1138 1725 1342 1773 tecnm
1384 1728 1731 1793 reputans,
1775 1715 1931 1793 opti-

280 1844 445 1887 mam
498 1825 640 1886 inde
679 1864 701 1902 ‚
766 1842 1072 1908 tanquam
1124 1827 1201 1889 ab
1254 1827 1689 1910 absolutissimo
1743 1851 1940 1892 exem-

269 1945 494 2026 plari,
528 1943 924 2025 gubernandi
967 1948 1271 2007 rationem
1309 1951 1769 2029 exprimendam
1810 1950 1939 2011 Tibi

263 2061 649 2145 proposuisti.
700 2063 792 2123 Et
833 2082 1209 2146 quamquam
1252 2065 1421 2128 doles
1461 2067 1932 2149 Magistratibns

275 2181 608 2243 Arbitrum
647 2220 669 2256 ‚
738 2181 1000 2261 Legibus
1052 2185 1359 2245 Vindicem
1401 2232 1417 2258 ,
1483 2187 1737 2268 Popztlis
1804 2188 1929 2249 Pa-

276 2315 441 2361 trem
510 2303 572 2360 in
636 2299 974 2362 CAROLO
1033 2301 1456 2384 ademptttnt;
1529 2304 1642 2367 bac
1717 2322 1928 2367 tamen

272 2416 662 2499 acerbissima
725 2417 1150 2482 recordatione
1202 2424 1299 2482 ita
1366 2442 1479 2483 non
1545 2425 1719 2486 cadis
1783 2428 1920 2485 ani-

272 2551 442 2612 mo.,·
490 2553 564 2598 nt
615 2554 688 2601 ea
729 2539 945 2618 potins
1000 2539 1128 2601 Tibi
1178 2541 1534 2622 adjumento
1580 2543 1661 2619 lit
1718 2543 1806 2604 ad
1854 2543 1925 2604 id

270 2656 552 2717 alacrius
587 2654 1067 2738 persequendam
1104 2697 1126 2735 ‚
1197 2660 1361 2740 qnod
1397 2662 1534 2742 jam
1591 2663 1740 2722 Tute
1793 2663 1919 2742 ipsa

261 2773 665 2857 praestitiſjes.
710 2774 867 2841 Hinc
894 2776 1087 2856 solita
1131 2798 1198 2840 es
1231 2779 1626 2861 gravissimis
1662 2778 1913 2862 publica

1123 2887 1166 2958 b
1755 2897 1829 2962 de
