2389 3408
1126 272 1420 344 (Lu.)

436 392 705 460 linguarum
741 406 854 441 vero
891 390 1111 455 peritiam
1161 405 1278 455 pene
1328 383 1611 452 singularem
1650 392 1715 438 ita
1764 404 1924 440 mente
1971 402 2098 443 ‘com-

439 462 604 533 plexus
639 473 783 519 erat,
829 463 893 506 ita
946 462 1179 507 memoria
1226 453 1462 523 sepserat,
1511 472 1562 507 ut
1610 474 1895 527 quacunque
1942 459 2005 510 de
2053 478 2101 524 re

439 551 530 583 non
566 527 722 578 modo
755 525 944 593 copiose
971 559 988 587 ,
1040 543 1207 576 verum
1253 531 1404 575 etiam
1449 526 1692 590 eleganter
1732 545 1791 593 ac
1827 525 1996 579 diserte
2036 526 2100 579 lo-

438 613 761 668 queretur-‘ex
799 611 1016 661 tempore
1041 631 1052 642 .
1104 594 1213 645 Nec
1250 610 1364 645 ‘vero
1398 610 1613 663 >unquam
1652 592 2099 662 filebiturvadmira-

443 668 552 721 bilis
590 665 668 715 illa
720 670 764 729 in
813 663 999 729 legibus
1045 664 1451 730 interpretandis,
1499 673 1719 732 aequitate
1768 664 2055 733 explicanda
2083 696 2100 727 ,

444 733 666 795 scientia,
703 751 805 801 quae
841 730 1440 795 §AROL1,dic}a‚-fa<9ta,
1477 751 1531 783 ac
1566 740 1780 798 cogitata
1806 736 1872 785 ad
1897 745 2102 786 omnem

439 807 559 872 Iuris
585 820 836 864 normam,
863 803 911 854 &
940 799 1356 866 legumrformulas
1383 809 1447 852 ita
1473 800 1857 854 conformaverat
1875 834 1899 865 -,
1927 821 1991 855 vut
2032 822 2104 853 ne·

439 894 523 925 mo
552 891 669 924 unus
705 889 788 922 aut
811 870 1018 931 ‘sanctior
1046 868 1099 930 Iit
1127 870 1349 932 habituS,
1385 887 1467 922 aut
1505 870 1733 922 severior.
1779 877 1828 922 ln
1868 892 1965 941 quo
1989 892 2102 925 cum

441 941 645 996 mirifica
681 938 796 991 effet
823 939 1221 996 tid-clementiam
1248 946 1295 992 &
1325 941 1568 991 lenitatem
1598 940 1822 1003 indoles,
1840 959 1891 993 ut
1931 943 2003 993 vel
2043 961 2102 993 ex

439 1010 633 1080 aspeistu
661 1007 790 1077 ipso,
817 1017 865 1062 ἀ
891 1008 1136 1066 oculorum
1165 1009 1387 1072 ,conjectu
1414 1008 1705 1061 suaviffimu's
1742 1015 1944 1078 quidam
1982 1012 2105 1062 odor

441 1081 757 1133 humanitatis
779 1077 1055 1137 afflareturff,
1080 1095 1181 1136 erat
1208 1081 1339 1132 idem
1367 1096 1526 1130 tamen
1579 1085 1624 1128 in
1661 1077 1908 1130 sancienda
1932 1080 2101 1146 legum

436 1149 724 1209 auctoritate
749 1164 903 1198 certus
928 1164 983 1195 ac
1009 1146 1252 1208 constans,
1291 1146 1405 1198 nihil
1436 1163 1486 1198 ut
1513 1147 1713 1198 obtineri
1743 1167 1825 1215 per
1861 1156 2067 1213 gratiam
2087 1182 2105 1211 ,

440 1234 523 1270 aut
559 1220 809 1283 ‘impetrari
848 1214 1065 1282 precibus
1087 1248 1106 1276 ³
1134 1216 1228 1273 ,aut
1255 1217 1480 1267 utilitatis
1506 1218 1668 1284 aliqua
1709 1215 1786 1285 spe
1826 1226 2007 1269 remitti
2056 1224 2106 1272 &

442 1284 704 1338 condonari
745 1296 1009 1351 pateretur·
1274 1335 1279 1339 .
1960 1351 1963 1353 ,

513 1356 595 1406 Ne
637 1373 692 1404 ue
732 1370 844 1403 vero
882 1348 1173 1413 verendum,
1210 1351 1357 1403 credo
1381 1386 1396 1414 ,
1434 1369 1535 1403 erat
1561 1387 1577 1413 ,
1626 1372 1682 1404 ne
1728 1354 1913 1416 justitissae
1960 1356 2061 1413 laus
2084 1386 2105 1417 3

435 1431 571 1487 cujus
599 1373 789 1488 cllemper
823 1422 911 1472 luit
950 1419 1359 1487 appetentiffimus
1385 1456 1400 1483 ,
1447 1424 1720 1489 quidquam
1771 1425 1832 1474 de
1861 1425 2106 1489 rndulgen-

442 1491 607 1544 tifflmi
670 1493 824 1540 Patr1s
877 1487 1131 1540 clementia
1183 1490 1456 1557 decerperet
1497 1527 1508 1537 .
1572 1493 1709 1542 Nam
1765 1499 1849 1560 qui
1886 1494 2105 1561 reliquas

439 1562 649 1616 CAROLI
698 1559 834 1609 dotes
890 1564 1115 1609 attentius
1161 1560 1587 1626 contemplantur,
1639 1566 1694 1611 iis
1744 1581 1835 1612 una
1883 1566 2107 1630 quaedam

440 1634 646 1681 occurrit
683 1633 728 1678 in
765 1646 961 1680 omnem
998 1628 1099 1688 ejus
1141 1634 1244 1677 vitae
1272 1644 1458 1694 partem
1498 1626 1591 1680 fusa
1642 1648 1697 1678 ac
1747 1629 1841 1681 late
1889 1645 2053 1698 patens
2079 1665 2097 1693 ,

441 1693 692 1750 moderata
728 1713 903 1763 >nempe
941 1695 1146 1762 lenisque
1196 1713 1360 1747 natura
1388 1731 1403 1757 ,
1454 1714 1556 1763 quae
1603 1715 1759 1748 rerum
1808 1703 2105 1762 agendarum

442 1768 603 1819 aditus
640 1766 809 1815 molles
843 1781 1004 1832 captet
1030 1798 1045 1824 ,
1083 1782 1137 1814 ac
1175 1771 1382 1832 aequitati
1421 1769 1526 1832 plus
1564 1766 1774 1827 tribuat,
1811 1785 1959 1834 quam
2002 1772 2106 1818 viri-

447 1837 563 1895 buS,
601 1840 647 1886 &
687 1832 934 1900 potestati.
975 1834 1138 1898 Qam
1166 1852 1257 1883 non
1286 1832 1481 1885 obscura
1521 1835 1659 1896 hujus
1694 1841 1842 1886 animi
1883 1835 1948 1887 sui
1988 1838 2104 1887 indi·

441 1912 513 1956 cia
551 1903 711 1953 dedit!
753 1900 1199 1969 Quotiesbrepreffit
1238 1901 1331 1969 ipse
1369 1901 1456 1953 sese
1492 1905 1866 1970 quodammodo
1893 1939 1908 1965 ,
1959 1912 2006 1958 &
2045 1912 2107 1955 in-

442 1973 632 2033 hibuit,
657 1990 711 2022 ac
737 1972 1145 2039 properantemde
1172 1972 1336 2023 medio
1359 1971 1491 2023 cursu
1519 1975 1817 2039 interpellare
1845 1973 2103 2025 victoriam

443 2042 735 2110 quandoque
772 2059 862 2091 non
902 2039 1160 2101 recusavit,
1189 2040 1434 2091 uthostes
1483 2040 1594 2091 belli
1642 2040 1799 2093 feralis
1839 2044 2103 2110 aliquando

446 2106 619 2178 pertaefi
655 2110 717 2159 ad
764 2106 962 2161 meliora
999 2117 1130 2176 pacis
1168 2108 1319 2160 studia
1357 2126 1686 2160 converterent
1724 2118 1911 2163 animos
1941 2146 1956 2172 ,
1983 2131 2037 2163 ac
2065 2111 2106 2162 se

446 2195 577 2229 tanta
606 2182 851 2245 aequitate,
879 2185 927 2230 δε
954 2179 1285 2228 moderatione
1325 2184 1446 2229 vinci
1487 2195 1759 2244 paterentur
1785 2186 1798 2229 !
1850 2180 2006 2230 Testis
2042 2180 2110 2231 est

448 2249 738 2311 Hungaria,
775 2251 821 2296 in
846 2263 941 2314 qua
969 2252 1158 2297 ineunte
1188 2245 1349 2298 saeculo
1377 2249 1590 2298 nondum
1632 2248 1861 2299 resederat
1886 2251 2108 2300 civilium

447 2316 684 2367 bellorum
712 2314 870 2377 aestuS,
896 2333 995 2383 quo
1020 2321 1153 2366 annis
1177 2315 1493 2383 superioribus
1534 2318 1752 2368 universae
1794 2316 2109 2369 florenti'ffimi

449 2385 577 2434 illius
617 2387 747 2447 regni
789 2391 1042 2450 provinciae
1105 2392 1293 2451 penitus
1338 2383 1753 2450 conflagraverant
1786 2421 1802 2431 .
1865 2387 2111 2439 Alebatur

450 2453 612 2504 adbuc
638 2451 803 2502 doloso
826 2459 969 2504 cineri
998 2452 1261 2520 suppositus
1288 2461 1437 2520 ignis:
1478 2473 1560 2504 nec
1591 2455 1754 2507 deerat
1784 2453 1984 2517 Thrax,
2012 2475 2110 2525 quo

449 2520 729 2585 instigante,
769 2519 898 2588 quasi
936 2520 1133 2574 flabello
1156 2521 1427 2585 seditionis,
1456 2523 1535 2574 illa
1575 2539 1682 2576 tum
1720 2522 1872 2577 fuerat
1914 2526 2113 2594 populo-

452 2608 559 2641 rum
596 2589 845 2640 calamitas
871 2591 1097 2641 ventilata
1122 2625 1134 2638 .
1172 2594 1311 2643 Unus
1337 2594 1535 2643 demum
1564 2591 1652 2645 fuit
1681 2595 1931 2647 CAROLUS
1964 2623 2002 2657 ,⁴
2029 2601 2114 2662 qui

456 2659 664 2721 hydram
693 2658 813 2708 hanc
837 2655 944 2708 seris
967 2666 1115 2709 etiam
1146 2664 1452 2712 metuendam
1501 2658 1755 2730 nepotibus
1794 2663 1932 2728 plane
1968 2662 2112 2714 confi-

452 2744 577 2777 ceret
604 2762 615 2773 .
668 2734 738 2779 At
764 2725 936 2794 quibus
962 2736 1105 2777 armis
1130 2727 1157 2777 ?
1193 2730 1423 2791 exilione,
1456 2748 1639 2792 morte,
1669 2727 2114 2799 proscriptionibus?

461 2797 738 2849 immovero
777 2793 996 2848 inusitato
1034 2797 1250 2864 quodam
1286 2817 1343 2850 -ac
1380 2818 1530 2868 prope
1568 2820 1714 2853 novo·
1748 2801 1861 2852 belli
1887 2818 2066 2864 ‘genere
2099 2834 2113 2862 ³

1923 2869 2051 2918 benc·
