2389 3408
898 329 1243 397 (uni.)

228 434 480 493 'beneficiis
504 471 522 501 ,
561 438 812 489 clementia
850 473 866 503 ,
916 438 1218 491 humanitate
1245 476 1256 487 .
1309 439 1411 493 Ubi
1452 442 1767 511 Imperator?
1826 443 1914 494 ubi·

235 509 432 561 viC'tor?
480 508 562 559 ubi
588 508 843 558 CAROLUS
891 507 1006 558 ille?
1044 508 1124 560 ubi
1152 511 1289 577 plena
1321 511 1520 578 Imperii
1559 518 1784 574 nomina,
1813 512 1907 580 ple·

236 597 296 630 na
334 575 612 646 potestatis?
650 579 925 630 Videbatur
962 576 1058 627 haec
1085 585 1248 629 omnia
1275 575 1485 643 oblituS,
1510 597 1561 632 ut
1587 578 1630 632 se
1657 597 1904 648 parentem

237 653 485 714 optimum
533 646 859 699 meminisset.
929 645 1048 695 Non
1096 652 1413 714 imperantem
1455 649 1601 701 viciis
1636 649 1931 710 vietorem,

238 715 317 768 sed
369 730 554 782 patrem
606 716 765 769 liberis
806 711 1128 766 consulentem
1181 717 1397 767 diceres.
1448 717 1669 770 Obruere
1720 735 1907 787 poterat

240 785 499 847 maiestatis
537 786 745 850 pondere
774 804 789 845 3
835 789 1019 846 erigere
1058 780 1316 834 clementia
1356 785 1563 838 maluit:
1614 805 1801 856 poterat
1838 806 1914 839 co-

239 873 392 919 gere,
432 860 653 904 invitavit
693 876 702 904 ι
767 852 983 916 frangere
1023 851 1240 913 licebat,
1279 853 1420 905 libuit
1459 856 1625 908 leniter
1662 857 1912 908 inclinare.

245 928 415 991 Atque
454 924 576 973 hanc
604 924 799 974 Caeiaris
823 921 1132 972 clementiam
1159 941 1248 972 non
1277 921 1469 975 extorfit
1496 940 1652 976 metus
1677 960 1693 989 ,
1720 946 1812 977 non
1837 944 1914 977 ex-

238 990 396 1059 preffit
426 991 678 1043 rebellium
706 992 879 1053 robur,
909 1009 1001 1040 non
1034 992 1232 1057 imperii
1259 991 1514 1044 calamitas
1537 993 1700 1062 aliqua
1729 995 1909 1063 persua·

240 1058 328 1122 fit,
366 1061 483 1113 v'ic‘ti
513 1060 668 1111 hostes
694 1059 806 1111 foris
833 1095 850 1122 ,
888 1065 1052 1110 omnia
1091 1061 1228 1111 domi
1269 1062 1556 1128 tranquilla,
1589 1065 1906 1131 Imperatoria

241 1130 507 1182 auctoritas
532 1145 692 1191 tanta,
719 1146 951 1196 quantam
979 1135 1024 1179 in
1051 1129 1148 1179 alio
1174 1129 1274 1180 ullo
1305 1127 1442 1181 fuiffe
1466 1151 1557 1183 non
1596 1132 1802 1197 legimus
1828 1153 1905 1185 an-

241 1218 316 1250 tea
346 1198 418 1251 vel
446 1199 746 1250 audivimus.
776 1202 852 1250 At
879 1216 1020 1258 vero,
1045 1205 1129 1265 qui
1158 1215 1331 1249 naturae
1367 1199 1509 1266 ipsius
1548 1200 1717 1254 habitu
1757 1220 1909 1272 prope

241 1269 412 1320 divino
438 1265 589 1318 facilis
613 1286 668 1318 ac
692 1268 900 1318 clemens
926 1272 974 1316 in
1000 1265 1156 1318 hostes
1183 1264 1327 1335 usque
1364 1268 1488 1319 adeo
1524 1268 1707 1332 fuerat,
1733 1273 1910 1340 quibus

240 1336 407 1388 studiis
464 1355 640 1401 egenos
678 1370 693 1398 ,
752 1341 802 1388 &
858 1336 1153 1386 calamitatis
1205 1338 1405 1399 alicujus
1465 1334 1665 1391 fortuito
1716 1342 1910 1394 vulnere

241 1402 445 1457 affeCIos
483 1402 852 1473 prosequebatur
878 1437 895 1466 ,
944 1423 1038 1471 qua
1090 1405 1420 1457 benevolentia
1457 1409 1911 1476 complectebatur!

240 1476 345 1527 His
373 1480 558 1539 regium
587 1472 993 1524 valetudinarium
1021 1474 1170 1525 tribus
1186 1493 1450 1542 pauperum
1478 1476 1694 1529 millibus
1721 1479 1906 1531 alendis

239 1562 327 1612 par
353 1577 369 1604 ,
406 1543 480 1592 his
505 1558 713 1611 quatuor
741 1548 989 1593 nationum
1017 1544 1423 1606 Xenodochium,
1453 1545 1526 1595 his
1553 1546 1912 1601 Nosocomium

244 1614 319 1663 D.
357 1612 699 1679 Nepomuceni
738 1644 754 1672 ,
806 1611 1127 1662 Seminarium
1164 1612 1210 1662 S.
1241 1614 1431 1675 Alexi,
1469 1614 1542 1664 his
1578 1615 1786 1685 denique
1812 1638 1915 1670 cen-

243 1679 317 1733 sus
351 1679 667 1749 ampliffimos
693 1713 707 1740 ,
757 1677 1128 1746 splendidissima
1163 1687 1404 1746 congiaria
1429 1715 1444 1742 ,
1493 1701 1548 1732 ac
1596 1691 1724 1749 regia
1777 1688 1918 1755 plane

241 1767 438 1802 munera
478 1747 735 1800 munificus
773 1750 1024 1816 Princeps,
1064 1767 1210 1817 atque
1246 1749 1592 1803 amantissimus
1619 1754 1792 1806 Parens
1830 1758 1912 1808 do-

233 1825 372 1870 navit
399 1853 410 1863 .
450 1817 702 1877 Nlilitibus
740 1835 855 1868 vero
879 1851 894 1878 ,
944 1824 1026 1885 qui
1063 1836 1144 1868 aut
1179 1837 1205 1868 a
1247 1819 1517 1871 vulneribus
1554 1822 1794 1887 invalidi,
1831 1842 1916 1878 aut

237 1884 417 1938 affecta
466 1902 598 1937 aetate
625 1920 640 1946 ,
697 1883 1019 1953 confe&isque
1057 1887 1302 1953 stipendiis
1341 1888 1605 1941 miffionem
1645 1900 1743 1953 jam
1795 1894 1916 1946 obti-

238 1971 435 2008 nuerant
462 1989 478 2016 ,
523 1961 572 2007 &
610 1961 907 2005 vacationem
943 1972 1142 2006 onerum
1183 1958 1464 2009 militarium
1491 1992 1507 2019 ,
1558 1961 1773 2026 providit
1797 1996 1812 2024 ,
1862 1980 1916 2015 ut

238 2024 415 2076 aedibus
452 2021 857 2090 sumptuofissimis
880 2057 896 2083 ,
945 2024 1106 2074 alteris
1143 2023 1296 2075 Budae
1319 2059 1335 2086 ,
1387 2028 1548 2092 Pragae
1581 2029 1742 2080 alteris
1765 2064 1782 2091 ,
1832 2051 1915 2084 aere

238 2097 475 2160 Principis
502 2092 606 2143 laxe
642 2098 691 2145 &
728 2089 985 2157 magnifice
1024 2091 1325 2153 habitarent,
1362 2114 1418 2145 ac
1454 2092 1700 2162 splendide
1736 2100 1910 2151 aleren-

236 2180 359 2223 tur,
421 2180 520 2211 rem
573 2160 818 2226 indignam
882 2178 1007 2213 ratus
1043 2163 1361 2229 triumphales
1398 2182 1565 2215 manus
1610 2171 1910 2232 corroganda

240 2232 358 2298 stipe
383 2230 575 2282 demitti
603 2266 613 2277 .
664 2235 779 2294 Age
808 2248 948 2291 vero,
986 2230 1066 2280 illa
1094 2249 1163 2281 res
1199 2249 1428 2299 quantam
1454 2233 1664 2286 declarat
1700 2236 1910 2298 eJusdem

237 2302 452 2351 hominis
487 2308 764 2350 caritatem.
803 2299 971 2349 Nemo
1011 2301 1204 2351 Viennae
1238 2298 1356 2364 fuit,
1394 2309 1508 2370 quin
1535 2304 1737 2366 viderit,
1762 2325 1912 2373 quam

239 2368 401 2420 faciles
448 2367 511 2418 ad
561 2367 794 2418 Caesarem
843 2386 1108 2434 pauperum
1154 2370 1315 2420 aditus
1372 2371 1556 2422 effent.
1608 2373 1752 2425 Nihil
1791 2395 1912 2444 opus

234 2450 380 2498 erat,
429 2454 531 2503 quae
568 2442 722 2503 prima
758 2434 825 2485 est
875 2434 1156 2488 miserorum
1207 2445 1410 2501 cautio,
1459 2457 1643 2492 tentare
1691 2461 1908 2511 quonam

233 2506 394 2573 -mpdo
431 2506 638 2556 dicendo
674 2501 1048 2556 misericordiam
1093 2509 1326 2574 Principis
1369 2527 1774 2562 commoverent:
1835 2533 1910 2564 oc·

239 2573 458 2626 currebat
507 2571 603 2640 ipsa
652 2572 984 2639 supplicibus,
1032 2579 1081 2627 &
1128 2574 1417 2627 calamitosis
1465 2580 1639 2631 nullius
1686 2589 1906 2633 oratione

239 2659 444 2694 evocata
471 2677 482 2689 .
535 2641 736 2706 lubebat
775 2641 932 2691 statim
971 2640 1129 2694 referri
1166 2650 1212 2694 in
1249 2645 1413 2697 album
1443 2682 1458 2709 ,
1496 2658 1796 2716 proponique
1834 2670 1910 2703 no-

233 2719 372 2764 -mina
409 2729 616 2772 eorum,
666 2717 748 2778 qui
800 2709 998 2762 honesto
1048 2713 1155 2763 loco
1204 2720 1302 2765 nati
1351 2715 1654 2782 naufragium
1705 2725 1906 2770 fortuna·

242 2800 349 2844 rum
387 2776 595 2831 fecerant
621 2814 637 2841 ,
674 2797 881 2846 quorum
907 2781 1175 2834 calamitati
1202 2789 1266 2833 ita
1294 2786 1639 2852 prospiciebat,
1679 2805 1730 2838 ut
1757 2789 1907 2853 pudo-

242 2858 280 2903 ri
307 2865 543 2922 parceret.
584 2849 789 2915 Quantis
811 2854 941 2900 enim
971 2868 1115 2909 vern,
1140 2857 1188 2902 ὃ(
1214 2870 1360 2920 quam
1401 2851 1600 2921 profusis
1625 2853 1909 2921 sumptibus

337 2941 356 2949 ’-
418 2944 420 2946 >
1068 2921 1099 2969 b.
1178 2939 1200 2986 3
1738 2943 1842 2975 εοειΕ
