2446 3408
866 320 1196 390 (xxvff

194 448 289 499 que
329 446 544 496 tempore
581 427 831 482 advolaret
859 469 870 480 .
914 434 979 484 Et
1028 433 1131 485 sane
1169 439 1357 502 quantis
1394 435 1633 491 laboribus
1671 444 1715 490 in
1754 441 1846 494 hoc

200 508 358 569 primo
395 510 540 549 aetatis
578 496 704 549 flexu
743 498 832 552 fuit
870 502 1076 559 CAROL1
1129 509 1225 554 vita
1275 503 1537 557 districta?
1586 510 1719 575 Quid
1767 512 1853 562 illo

206 576 360 635 magis
395 573 703 619 exercitum?
751 569 915 634 Quam
964 575 1170 623 arduum
1217 590 1321 624 erat
1357 574 1641 628 adolescenti
1682 584 1854 646 praeler·

203 645 336 700 tim,
398 654 450 688 ut
510 634 801 702 Hispaniam
853 640 1115 692 Gallorum
1164 641 1376 694 adventu
1426 645 1723 698 interclusam
1773 647 1857 700 fibi

202 717 450 776 aperiret,
499 714 816 769 tergeminum
870 708 989 760 illud
1037 707 1225 772 foedus,
1275 711 1632 778 Battavicum‚
1687 718 1858 783 Angli·

211 795 366 837 cum,
416 771 748 825 Lusitanicum
794 776 1077 829 alieniffimo
1136 794 1355 846 tempore
1416 784 1714 836 machinari!
1776 790 1852 837 At

214 840 586 914 quotusquisque
642 845 994 910 imperatorum
1042 846 1170 912 fuit,
1236 856 1318 916 qui
1368 865 1554 904 tantum
1606 855 1861 906 hominum

211 933 356 983 atque
392 929 623 963 terrarum
672 931 883 967 armatus
920 916 1195 982 subegerit,
1241 935 1476 986 quantum
1528 923 1606 973 hic
1655 922 1866 990 pacificis

212 984 392 1036 artibus
427 999 481 1031 ac
518 979 766 1033 foederibus
806 987 1023 1037 ineundis
1069 985 1338 1038 adolescens
1385 994 1580 1042 inermis
1618 993 1865 1043 devinxit?

209 1054 308 1117 Qui
360 1048 635 1101 velocissimi
687 1048 846 1104 sideris
893 1074 1025 1106 more
1075 1055 1395 1107 Germaniam
1446 1059 1700 1123 lustravit,
1774 1063 1872 1112 ssa-

210 1128 391 1171 raviam
431 1119 592 1178 adiit,
642 1119 913 1174 Britaniam
950 1123 1220 1192 exploravit
1245 1159 1261 1185 ,
1310 1129 1419 1176 inde
1456 1134 1500 1177 in
1540 1131 1732 1182 ultimas
1773 1131 1868 1182 Lu-

212 1189 381 1240 sitaniae
423 1207 528 1239 oras
562 1206 672 1239 cum
709 1191 850 1243 classe
887 1200 1014 1244 venit
1043 1227 1057 1255 ,
1107 1195 1320 1244 nondum
1371 1198 1656 1263 tempestivo
1692 1200 1755 1251 ad
1792 1218 1867 1250 na-

214 1259 477 1324 vigandum
522 1262 685 1318 mari,
735 1276 1018 1329 tantumque
1068 1264 1352 1313 meditando
1400 1268 1685 1335 agendoque
1726 1265 1870 1335 perfe-

210 1335 276 1379 cit
302 1363 317 1390 ,
356 1344 408 1378 ut
450 1335 604 1394 impar
643 1327 820 1379 viribus
847 1364 862 1392 ‚
898 1349 953 1381 ac
991 1330 1088 1382 solo
1126 1337 1258 1397 regio
1296 1340 1486 1384 nomine
1511 1369 1526 1394 ,
1575 1336 1671 1387 hoc
1709 1353 1870 1388 tamen

214 1416 329 1449 mox
368 1395 626 1447 obtinuerit
666 1401 995 1462 magnitudine
1043 1408 1234 1461 animi,
1285 1400 1543 1466 praestantia
1594 1412 1768 1470 ingenii
1807 1422 1872 1457 ate

213 1486 305 1534 que
346 1471 532 1516 virtutis
558 1499 573 1526 ‚
611 1480 661 1514 ut
699 1465 970 1519 diffidentes
1006 1475 1125 1518 inter
1160 1469 1200 1520 se
1240 1471 1443 1536 populos
1471 1506 1487 1532 ‚
1526 1492 1677 1542 neque
1714 1480 1871 1526 minus

215 1541 446 1601 ingenio,
496 1533 708 1585 moribus
754 1534 1006 1605 studiisque
1058 1537 1364 1599 disjunctos,
1416 1559 1566 1607 quam
1619 1545 1872 1596 intervallo

212 1621 442 1655 terrarum
470 1637 486 1665 ,
536 1609 583 1655 &
634 1602 901 1669 linguarum
951 1605 1062 1659 sono
1111 1605 1193 1657 sibi
1230 1608 1504 1659 conciliaret
1544 1627 1646 1662 tum
1683 1613 1866 1663 consen-

215 1672 338 1724 sione
387 1680 699 1735 animorum,
750 1690 853 1724 tum
903 1673 1206 1726 consiliorum
1244 1673 1504 1738 societate3
1564 1697 1617 1730 ut
1665 1679 1873 1749 denique

210 1761 352 1793 carus
404 1740 629 1791 omnibus
655 1775 670 1802 ,
710 1747 757 1793 &
795 1759 867 1792 tot
908 1750 1139 1796 virtutum
1176 1752 1412 1796 comitatu
1448 1743 1686 1810 spectatus
1711 1783 1726 1810 ,
1775 1769 1876 1815 ger-

219 1818 463 1863 manicum
502 1810 672 1871 robur,
708 1811 1019 1863 constantiam
1058 1811 1349 1880 hispanicam
1376 1848 1391 1875 ‚
1429 1814 1709 1868 britanicam
1748 1817 1879 1870 soler*

218 1889 340 1932 tiam
378 1886 423 1930 in
461 1879 580 1930 aulis
613 1896 883 1930 exterorum
927 1883 1198 1947 Principum
1238 1888 1302 1932 ita
1338 1895 1624 1950 exprimeret
1648 1918 1663 1940 2
1700 1903 1751 1937 ut
1775 1897 1875 1949 jam

221 1967 326 2001 tum
366 1946 560 2016 perfed'ffl
606 1952 916 2014 imperatoris
960 1950 1200 2001 Austriaci
1237 1947 1451 2016 effigiem
1499 1960 1548 2006 &
1583 1952 1789 2006 formam
1829 1964 1874 2006 in

220 2040 279 2071 eo
315 2018 583 2082 agnosceres
617 2036 675 2067 ex
716 2017 795 2067 illa
834 2022 1060 2070 varietate
1107 2025 1462 2088 peregrinarum
1511 2023 1713 2077 laudum
1761 2042 1876 2078 tem·

225 2105 439 2156 peratam
477 2103 621 2154 atque
655 2085 916 2137 conflatam
945 2124 956 2134 .

293 2161 366 2208 At
404 2157 558 2223 qualis
605 2156 900 2223 quantusque
948 2164 1171 2224 apparuit
1201 2193 1217 2223 ,
1264 2180 1376 2214 cum
1426 2160 1587 2212 valida
1636 2160 1879 2215 foederato-

224 2243 331 2277 rum
368 2224 509 2276 classe
545 2225 898 2277 circumvectus
937 2226 1227 2293 Hispaniam
1256 2264 1271 2292 ,
1324 2230 1666 2283 Catalauniam
1706 2238 1879 2299 impro-

222 2292 328 2345 viso
364 2295 574 2346 adventu
611 2301 748 2361 coepit
778 2301 786 2346 !
840 2297 915 2346 Te
951 2314 1112 2347 autem
1151 2299 1350 2365 appello
1375 2335 1391 2361 ,
1432 2300 1652 2357 CAROLE
1677 2335 1696 2362 2
1731 2321 1877 2371 quem

221 2361 315 2415 five
353 2380 573 2423 amoris,
623 2361 715 2412 sive
763 2363 945 2415 doloris
995 2372 1119 2416 inani
1168 2366 1333 2420 fraude
1382 2371 1569 2437 decepti
1610 2368 1881 2438 praesentem

224 2434 449 2483 videmur
483 2432 709 2498 alloqui3
760 2433 919 2498 Qem
971 2451 1105 2501 potes
1154 2439 1389 2488 reeordari
1436 2444 1484 2488 in
1537 2446 1633 2489 vita
1674 2439 1876 2493 illuxisse

222 2501 311 2552 tibi
349 2502 478 2552 diem
518 2501 741 2551 laetiorem
769 2535 784 2563 ‚
835 2522 981 2571 quam
1029 2522 1139 2553 cum
1180 2506 1498 2560 Barcinonern
1536 2508 1752 2560 invectus
1788 2529 1879 2571 ες,

224 2590 327 2638 quae
367 2577 430 2621 ita
468 2586 514 2620 te
551 2577 734 2636 accepit
760 2605 776 2632 ,
826 2587 876 2622 ut
925 2571 1032 2622 urbs
1071 2572 1164 2639 ipsa
1204 2593 1350 2642 prope
1385 2575 1605 2628 convulsa
1644 2575 1732 2628 sui-s
1768 2582 1879 2629 ledi-

225 2640 312 2691 bus
349 2639 410 2690 ad
443 2640 870 2706 compleotendum
914 2639 1156 2692 Austriaci
1194 2652 1376 2708 generis
1409 2653 1457 2699 ἐζ
1497 2647 1729 2711 sanguinis
1758 2650 1882 2697 Prin-

227 2728 384 2768 cipem
442 2709 720 2764 CAROLUM
758 2710 1076 2777 quod-amodo
1125 2714 1444 2777 procederet?
1505 2716 1602 2779 Qi
1637 2713 1884 2767 concursu-3

225 2779 289 2828 ad
338 2795 383 2828 te
433 2796 546 2828 mox
600 2775 700 2827 fieri
750 2784 932 2845 coepti?
996 2780 1149 2840 Cujus
1198 2785 1418 2842 ord-inis,
1479 2790 1610 2844 cujus
1658 2791 1881 2848 generis,

221 2853 356 2908 *cuius
395 2848 597 2913 denique
636 2844 829 2899 fortunae
866 2847 1017 2909 studia
1055 2865 1158 2901 tum
1199 2850 1327 2902 laudi
1366 2858 1410 2904 ἃ
1450 2852 1882 2971 gratulationistuae

1078 2934 1104 2966 e
1789 2940 1817 2972 e
