2389 3408
901 384 1213 457 (XLL)

210 495 523 566 implorabat.
565 496 768 562 Religio
805 496 936 559 jubet
961 528 978 560 ,
1028 498 1182 550 Caesar
1218 512 1429 551 armatus
1453 496 1610 561 jubet:
1648 503 1876 552 continuo

205 574 370 619 omnia
386 565 721 634 superstitionis
735 567 916 634 templa
932 567 1197 619 Catholico
1212 576 1302 619 ritu
1316 575 1589 636 expiantur:
1608 585 1767 631 vetat,
1785 570 1883 637 plu-

211 646 262 687 ra
292 637 546 687 hominum
577 635 731 686 millia
759 642 875 686 ritus
900 636 1174 703 prophanos
1200 636 1437 688 deserunt:
1465 636 1740 705 proscribit,
1774 640 1882 690 Hae-

216 703 349 765 resis,
387 721 522 767 toto,
560 722 751 773 quaqua
791 720 950 772 patet,
988 703 1321 770 salesburgenfi
1357 722 1594 758 comitatu
1630 708 1818 759 exulat.

287 775 603 842 Quamquam
629 807 645 834 ,
683 791 773 824 ηοη
810 780 955 825 armis
990 789 1177 825 tantum
1205 808 1220 835 ‚
1258 781 1307 828 &
1344 774 1521 826 bellicae
1559 774 1754 828 Caesaris
1793 783 1879 827 vir·-

220 850 315 895 tuti
353 842 484 894 suam
519 842 723 907 Religio
749 843 1137 895 incolumitatem
1171 843 1314 894 debet
1342 865 1350 894 ε
1392 852 1674 897 immovero
1702 845 1733 896 si
1759 844 1882 897 ferro

217 913 474 963 dumtaxat
522 930 591 963 res
638 917 799 976 agitur
835 944 852 974 ,
901 930 1145 981 nunquam
1183 913 1245 964 ab
1287 919 1422 964 omni
1472 932 1605 980 parte
1670 916 1877 981 Religio

221 987 367 1032 vincit
408 997 418 1032 ἐ
466 981 754 1046 adjungatur
791 981 859 1031 illi
910 997 1100 1049 oportet
1148 982 1376 1033 doCtrinae
1425 983 1692 1037 Catholicae
1742 983 1883 1053 praesl·

218 1050 388 1112 dium,
426 1047 486 1100 fic
519 1055 646 1101 enim
680 1048 883 1102 Haerefis
908 1051 1004 1112 est,
1038 1057 1167 1119 eripe
1205 1051 1273 1101 illi
1309 1070 1550 1114 errorem,
1601 1061 1748 1104 armis
1785 1073 1878 1105 non

213 1128 422 1187 ereptis,
457 1137 590 1170 arma
618 1119 844 1181 detrahe,
880 1138 1036 1171 errore
1073 1139 1165 1171 non
1195 1120 1461 1182 detracto,
1505 1122 1647 1172 Nihil
1686 1129 1839 1188 egeris
1870 1144 1879 1172 z

217 1204 476 1258 utrumque
512 1185 745 1254 conspiret
782 1188 961 1240 necesse
994 1188 1105 1251 est,
1156 1207 1411 1257 utramque
1464 1190 1658 1242 laudem
1709 1200 1756 1242 in
1793 1189 1881 1242 sese

213 1257 469 1309 CAROLUS
505 1255 702 1307 feliciter
736 1256 959 1308 sociavit.
1000 1259 1103 1308 Vos
1127 1291 1143 1318 ,
1197 1276 1280 1309 vos
1315 1258 1698 1326 appello‘valles
1737 1259 1878 1312 Sales-

216 1319 456 1385 burgensis
491 1331 792 1387 comitatus5
841 1325 1025 1377 vidistis
1062 1346 1154 1378 non
1203 1334 1268 1378 ita
1321 1329 1508 1393 pridem
1560 1329 1686 1381 illius
1735 1348 1883 1398 opera

217 1388 410 1452 missos,
453 1395 782 1462 imperatoriis
821 1396 988 1446 litteris
1029 1403 1071 1445 in
1109 1414 1216 1447 eam
1256 1415 1354 1447 rem
1395 1401 1560 1460 datis,
1599 1399 1881 1450 Sacerdotes

217 1460 545 1524 Catholicos,
584 1471 666 1531 qui
707 1464 876 1515 rudem
927 1463 1225 1531 plebeculam
1278 1472 1519 1533 praecept1s
1569 1466 1884 1536 institutisque

218 1535 456 1587 maiorum
494 1530 824 1584 informarent.
865 1533 1229 1599 Quamobrem,
1267 1552 1318 1586 ut
1362 1538 1613 1587 Martiano
1657 1536 1883 1602 Augusto

182 1611 186 1614 ’
218 1603 384 1655 Patres
422 1602 634 1652 Concilii
674 1601 1041 1654 Calcedonensis
1097 1606 1426 1671 imperatori,
1466 1623 1679 1675 peraeque
1715 1625 1771 1657 ac
1810 1608 1887 1658 Sa-

212 1675 399 1724 cerdoti
437 1671 796 1722 acclamarunt:
844 1674 912 1722 lta
951 1672 1227 1723 Germaniae
1260 1673 1512 1724 Antistites
1538 1708 1554 1735 ,
1595 1679 1889 1742 nimperatori

210 1739 439 1791 CAROLO
479 1758 569 1790 non
608 1747 792 1805 regium
830 1755 1017 1791 tantum
1045 1775 1061 1803 ,
1110 1740 1187 1793 sed
1224 1748 1371 1793 etiam
1412 1743 1768 1795 Sacerdotalem
1793 1750 1889 1795 ani-

217 1822 354 1858 mum
382 1808 766 1865 gratulabantur.
805 1809 920 1875 Quae
944 1809 1011 1860 est
1035 1818 1163 1862 enim
1192 1818 1352 1876 regio,
1390 1829 1491 1879 quae
1514 1811 1671 1875 sedes,
1711 1821 1792 1882 qui
1823 1816 1889 1865 lo-

217 1894 329 1933 cus,
359 1878 402 1922 in
428 1894 526 1943 quo
553 1896 644 1928 non
657 1878 834 1929 exstent
853 1880 991 1940 hujus
1013 1899 1124 1931 cum
1152 1878 1474 1943 fortitudinis,
1512 1899 1616 1933 tum
1646 1902 1758 1934 vero
1790 1890 1883 1951 pie-

213 1951 327 1996 tatis
363 1976 380 2004 ,
438 1960 543 1997 tum
591 1953 781 2008 animi,
829 1962 933 1998 tum
969 1947 1148 2000 consilii
1185 1948 1406 2016 impressa
1448 1950 1687 2017 vestigia?
1739 1954 1842 2003 Vos
1866 1989 1885 2015 ,

215 2031 357 2066 mutae
394 2021 633 2079 regiones,
673 2015 856 2076 testor,
903 2022 952 2069 &
1004 2015 1116 2069 fines
1178 2019 1443 2083 Hungariae
1503 2022 1699 2072 ultimi·
1764 2023 1884 2074 Fuit

215 2083 338 2134 illud
374 2082 636 2151 aliquando
673 2101 863 2152 tempus
888 2118 905 2146 ,
950 2104 1062 2138 cum
1104 2104 1296 2154 propter
1331 2095 1517 2156 antiqui
1557 2087 1836 2141 Schismatis
1861 2126 1880 2154 ,

210 2159 262 2205 <St
305 2155 624 2204 Arria-norum
659 2155 1017 2206 corroboratam
1058 2156 1287 2207 vetustate
1323 2157 1578 2209 audaciam
1616 2159 1882 2212 Catholica

213 2221 420 2286 Religio
458 2228 502 2272 in
539 2222 632 2273 illis
669 2230 925 2291 provinciis
962 2223 1128 2292 hospes
1166 2226 1312 2277 veluti
1342 2259 1360 2287 ,
1395 2233 1443 2280 &
1484 2235 1726 2294 peregi-lna
1757 2263 1773 2289 ,
1821 2249 1879 2280 ac

213 2309 269 2340 ne
295 2288 446 2342 solum
475 2308 652 2343 vertere
676 2311 953 2358 cogeretur,
990 2303 1160 2356 anxia,
1198 2315 1289 2345 non
1316 2295 1554 2359 habebat,
1582 2297 1661 2348 ubi
1679 2299 1885 2365 pedem,

214 2377 363 2427 prope
400 2358 606 2411 dixerim
631 2395 647 2422 ,
699 2360 865 2426 figeret
905 2369 948 2413 in
985 2362 1065 2416 suo
1091 2401 1102 2412 .
1158 2364 1335 2415 Doluit
1372 2364 1528 2416 Caesar
1574 2366 1733 2418 casum
1763 2401 1779 2429 ,
1831 2374 1882 2422 &

213 2428 470 2479 orbitatem
511 2435 714 2496 parentis
750 2438 943 2498 optimae
977 2439 1024 2485 &
1074 2431 1366 2484 sand’tiffimae
1402 2452 1419 2495 3
1471 2434 1606 2487 illam
1659 2436 1884 2488 omnibus

216 2495 388 2548 officiis
422 2498 701 2568 complexus
749 2501 868 2552 aluit
905 2532 922 2563 ,
958 2509 1106 2553 erexit
1142 2537 1158 2564 ,
1207 2508 1435 2554 excitavit
1462 2538 1478 2566 ,
1526 2503 1798 2574 refuditque
1835 2511 1881 2555 in

212 2572 312 2628 eJus
349 2564 498 2618 finum
533 2586 647 2634 opes
684 2587 849 2620 omnes
875 2604 891 2631 ,
942 2588 1062 2639 quas
1100 2572 1179 2622 illa
1220 2578 1264 2621 in
1308 2570 1461 2624 filium
1490 2576 1876 2626 amantiffimurn

215 2635 344 2701 large
380 2639 672 2701 congeflerat
699 2673 709 2684 .
764 2641 933 2707 ltaque
960 2675 975 2702 ,
1025 2660 1115 2691 non
1154 2639 1306 2693 solum
1345 2641 1566 2709 respirare
1603 2644 1663 2696 ab
1702 2652 1758 2694 iis
1795 2662 1873 2694 an-

212 2705 378 2769 gustiis
414 2712 551 2772 coepit
593 2707 838 2773 Religio,
877 2707 953 2759 sed
991 2707 1143 2761 laxius
1179 2716 1227 2764 δι
1268 2711 1684 2776 magnificentius,
1720 2729 1878 2763 extru-

212 2775 307 2824 ciis
343 2773 519 2842 ubique
556 2770 694 2826 sacris
743 2777 959 2839 aedibuS,
998 2778 1237 2830 habitavit
1278 2798 1295 2840 3
1344 2798 1565 2832 ornatum
1643 2788 1691 2835 &
1742 2799 1878 2849 pom==

212 2862 325 2910 pam
376 2843 610 2908 mysteriis
658 2845 992 2910 augustiffimis
1053 2853 1101 2899 δι’.
1149 2855 1418 2899 cerimoniis
1470 2849 1667 2900 adscivit
1707 2886 1718 2898 .
1781 2851 1879 2901 Lo·

213 2928 421 2978 quuntur
458 2913 507 2964 id
557 2910 664 2965 satis
709 2921 756 2967 &
805 2915 1016 2968 clamant
1063 2917 1273 2987 amplius
1322 2919 1639 2987 quadraginta
1692 2919 1876 2986 templa

1038 3005 1070 3052 g
1769 3009 1815 3039 ιη
