2446 3408
1050 397 1551 465 (XXVI-11.)

467 519 582 571 stem
621 510 842 584 progredi
877 541 892 570 ‚
943 507 1020 560 sed
1060 514 1391 563 imminentem
1427 513 1644 578 operiri,
1690 507 1768 562 sed
1820 513 2119 574 ingruentem

466 593 679 653 excipere
705 616 720 642 ,
760 579 837 630 sed
875 596 1009 630 mora
1046 575 1283 645 sapienti,
1320 586 1368 635 &
1407 584 1452 630 in
1489 597 1684 630 omnem
1719 594 1947 630 eventum
1983 596 2121 646 expe-

464 659 565 707 dita
601 651 906 703 cund‘tatIOne
942 649 1232 699 contundere
1259 682 1275 710 ‚
1328 648 1405 700 sed
1455 647 1720 716 periculum
1758 648 1901 700 oculo
1939 653 2121 699 irretor-

465 743 516 777 to
550 720 906 788 contemplari,
946 735 1037 767 non
1075 714 1240 780 frangi.
1263 724 1363 780 eJus
1400 718 1714 772 diuturnitate
1741 751 1756 777 ,
1794 737 1886 769 non
1925 716 2123 782 vigilan·

466 800 580 845 tiam
609 824 626 852 ,
663 809 754 842 non
794 786 1006 839 laborem
1047 784 1328 837 obluciandi
1365 793 1816 857 contentionemque
1855 792 2121 839 remittere.

469 865 672 926 Quoties
709 858 777 908 hae
811 853 1245 907 amantissimorum
1283 858 1496 908 militum
1547 856 1720 908 audita:
1756 855 1858 907 sunt
1894 856 2123 924 querelae,

468 949 577 984 cum
617 931 838 994 Regium
876 940 1019 992 caput
1058 940 1131 974 tot
1172 925 1393 992 periculis
1430 925 1736 988 objectaret3
1785 923 1960 977 Nollet
1996 943 2124 976 com-

473 1005 604 1053 muni
643 995 857 1066 periculo
893 992 1028 1045 fortis
1063 991 1198 1051 esse3
1251 996 1538 1047 memIniffet
1585 1014 1642 1046 ex
1680 992 1757 1047 sua
1796 1002 1932 1048 unius
1970 1000 2123 1045 vitam

470 1067 674 1140 pendere
709 1071 972 1123 omnium3
1023 1062 1145 1127 Qiis
1189 1069 1317 1113 enim
1355 1083 1448 1114 non
1486 1071 1687 1116 incertos
1721 1080 1918 1116 eventus
1956 1069 2122 1114 martis

471 1141 741 1190 communis
769 1168 785 1196 ‚
823 1139 930 1203 quis
972 1137 1015 1180 in
1065 1148 1195 1182 tanta
1245 1131 1465 1184 laborum
1512 1132 1783 1189 affiduitate
1829 1140 1877 1186 &
1914 1138 2123 1197 gravita-

472 1225 517 1261 te
555 1206 791 1258 humanos
827 1199 955 1253 casus
980 1234 996 1263 ‚
1044 1206 1093 1253 &
1143 1218 1317 1275 naturae
1353 1199 1494 1270 ipsius
1530 1199 1843 1267 fragilitatem
1881 1222 1974 1253 non
2009 1208 2124 1253 exti-

474 1284 595 1328 muit
625 1292 639 1330 ς
688 1291 800 1324 cum
839 1271 1094 1325 CAROLUs
1144 1271 1361 1321 inlideret
1397 1290 1525 1340 equo
1562 1272 1664 1324 dies
1701 1287 1829 1323 totos
1877 1271 1969 1322 cibi
2006 1269 2127 1322 som·

473 1353 616 1414 nique
651 1360 817 1408 expers
841 1373 857 1399 ,
906 1357 1014 1388 cum
1053 1335 1318 1391 consisteret
1355 1338 1466 1408 saepe
1505 1347 1624 1391 intra
1663 1341 1744 1392 teli
1794 1341 1978 1401 jactum
2005 1375 2022 1402 ‚
2071 1359 2125 1391 ac

476 1432 626 1482 prope
662 1412 722 1462 ab
760 1409 969 1460 hostium
1011 1408 1139 1458 vallo
1165 1441 1180 1468 ‚
1219 1408 1344 1459 unde
1380 1414 1528 1459 etiam
1564 1405 1754 1478 explosa
1795 1410 1992 1461 muralis
2029 1427 2127 1460 ma-

473 1483 612 1535 china
648 1495 833 1547 equites
869 1476 1056 1546 aliquos
1085 1510 1100 1538 ‚
1149 1483 1233 1543 qui
1269 1494 1374 1529 tum
1411 1477 1661 1530 adstabant
1697 1485 1797 1540 eJus
1833 1478 2011 1540 lateri,
2064 1496 2126 1527 re·

470 1567 611 1620 pente
648 1549 847 1608 aflixit5
893 1564 992 1615 quo
1040 1553 1211 1597 nuncio
1252 1547 1449 1613 Europa
1498 1553 1656 1599 omnis
1691 1546 1972 1598 cohorruit?
2011 1547 2127 1597 Tre·

473 1619 749 1688 pidantibus
786 1622 952 1668 ceteris
991 1615 1188 1684 periculi
1227 1616 1563 1680 magnitudine
1590 1649 1605 1678 ‚
1643 1622 1690 1670 &
1727 1621 1976 1677 attonitis,
2027 1634 2123 1667 me-

472 1685 803 1754 tuentibusque
855 1685 1083 1743 CAROLO
1118 1716 1134 1744 ,
1183 1683 1424 1736 arridebat
1477 1685 1554 1735 ille
1605 1682 1875 1747 fidentius,
1930 1692 1979 1738 &
2027 1683 2127 1737 suo·

474 1776 580 1810 rum
619 1764 877 1814 timorem,
915 1753 1052 1805 vultu
1092 1751 1366 1821 fiduciaque
1403 1751 1480 1804 sua
1519 1753 1837 1806 discutiebat·
1876 1754 2129 1822 Equidem

474 1846 567 1879 non
605 1823 912 1892 hispanorum
964 1823 1177 1873 militum
1213 1821 1437 1874 excubias
1466 1855 1484 1883 ‚
1516 1827 1566 1875 &
1601 1821 1841 1874 custodias
1867 1855 1883 1883 ‚
1935 1842 2029 1873 non
2066 1822 2131 1873 la-

471 1912 626 1947 terum
666 1894 860 1945 illorum
897 1889 1144 1958 oppositus
1195 1895 1245 1945 &
1291 1907 1549 1956 corporum
1599 1888 1813 1958 praefidio
1849 1888 1985 1942 fuisse
2022 1896 2130 1943 vitae

469 1966 674 2020 CARom
717 1979 849 2023 reor,
887 1957 964 2013 sed
1016 1961 1117 2012 Dei
1157 1959 1341 2011 Matris
1377 1960 1580 2011 tutelam
1617 1959 1756 2029 plane
1795 1957 2078 2025 singularem
2107 1993 2126 2021 ‚

470 2052 563 2101 qua
595 2030 791 2105 ³nonnisi
839 2044 1018 2083 attente
1065 2025 1317 2091 consulta,
1365 2046 1421 2080 ac
1471 2033 1736 2096 propitiato
1784 2034 1914 2096 prius
1962 2029 2079 2080 Deo
2107 2061 2133 2090 „

469 2102 589 2153 nihil
640 2105 833 2163 majoris
883 2106 1117 2151 momenti
1165 2097 1367 2164 aggredi
1415 2097 1608 2150 solitum
1656 2104 1964 2165 accepimus.
2016 2098 2131 2163 Qa.

468 2179 515 2221 in
553 2189 598 2221 re
622 2204 638 2231 ,
677 2167 807 2221 sinite
833 2202 848 2230 ‚
889 2186 964 2219 me
1002 2168 1148 2236 paulo
1185 2168 1374 2232 lonqus
1409 2167 1626 2227 abduci,
1665 2183 1717 2218 ut
1753 2165 1947 2219 eoelestis
1984 2165 2129 2228 hujus

469 2238 663 2306 praesidii
714 2236 889 2303 infigne
938 2244 1292 2289 monimentum
1342 2234 1629 2305 persequar,
1679 2236 1813 2304 quod
1861 2233 2131 2287 multorum

470 2315 568 2371 jam
607 2307 815 2358 sermone
855 2305 1120 2374 percrebuit
1146 2337 1162 2364 ,
1210 2323 1378 2356 eorum
1416 2302 1666 2371 praesertim
1698 2338 1715 2366 ‚
1763 2308 1847 2372 qui
1899 2305 2127 2356 Barcino⁶

469 2397 526 2427 ne
555 2411 571 2438 ,
610 2378 730 2428 dum
769 2375 862 2428 haec
900 2392 1150 2443 agerentur
1176 2408 1192 2436 ,
1230 2374 1460 2444 nusquam
1496 2393 1524 2425 a
1563 2373 1769 2430 CAROLt
1808 2373 1953 2426 latere
1990 2369 2131 2424 disce-

470 2447 646 2499 debant
673 2479 684 2490 .

539 2515 643 2580 Iam
682 2511 743 2562 ad
782 2517 898 2562 arcis
937 2530 1052 2578 pene
1101 2510 1272 2565 foffam
1321 2529 1551 2578 aggerem
1601 2508 1853 2578 vineasque
1902 2510 2133 2579 perduxe-

471 2601 574 2637 rant
614 2580 809 2639 hostes3
860 2581 1083 2649 nullaque
1133 2581 1377 2642 interjecta
1428 2598 1562 2632 mora
1612 2579 1721 2632 urbs
1769 2577 1990 2631 concussa
2041 2596 2132 2633 tor-

471 2658 643 2704 mentis
682 2648 944 2700 muralibus
981 2652 1299 2717 quadraginta
1337 2651 1412 2700 sex
1436 2683 1452 2711 ,
1501 2666 1706 2717 quorum
1746 2649 1839 2700 alia
1877 2654 1923 2699 in
1962 2667 2132 2718 propu-

474 2721 734 2788 gnaculum
763 2751 779 2778 ‚
829 2718 921 2767 alia
962 2724 1008 2766 in
1046 2719 1195 2770 cubiti
1236 2718 1417 2770 flexum
1453 2717 1781 2784 dirigebantur
1806 2752 1818 2764 .
1869 2719 2028 2770 Haud
2069 2727 2133 2779 in·⁷

477 2787 688 2841 termifl'a
730 2786 1055 2839 verberatione
1090 2787 1393 2855 aliquantum
1432 2790 1701 2854 prociderat
1730 2792 1863 2839 muri
1892 2820 1908 2849 ‚
1943 2792 1992 2839 δι
2032 2803 2134 2854 pro-

474 2856 804 2928 pugnaculum
843 2857 887 2905 S.
927 2855 1110 2924 Filippi
1150 2855 1311 2908 solutis
1348 2855 1664 2925 compagibus
1703 2855 1962 2908 metuendo
1998 2855 2133 2907 hiatu

475 2926 741 2978 elilccsserat
769 2960 779 2971 .,
820 2925 1044 2974 Omnino
1081 2922 1208 2975 sacta
1248 2930 1472 2976 moenium
1512 2924 1640 2976 labes
1677 2940 1810 2976 tauta
1847 2923 2133 2985 videbatur,

1922 3007 2065 3059 quan·
