2446 3408
1137 360 1527 430 (xxvi)

499 480 542 531 se
579 502 670 534 non
707 476 1024 532 obtulerunt?
1060 472 1194 538 Qud
1233 474 1392 525 dicam
1429 473 1662 525 adventus
1709 478 1860 525 tuos?
1910 474 2040 539 Qid
2090 471 2154 526 ef-

497 548 694 602 fusiones
730 545 1037 613 hispanorum
1073 561 1130 593 ex
1167 544 1362 611 oppidis
1386 577 1402 606 ,
1439 541 1823 594 occursationes?
1865 543 2015 594 Nulla
2051 563 2151 596 erat

497 628 628 684 regio
654 651 670 678 ,
708 615 818 668 urbs
854 613 980 665 nulla
1007 646 1023 674 ‚
1060 630 1161 680 quae
1198 613 1472 669 CAROLUM
1504 647 1520 675 ‚
1556 631 1840 680 quocunque
1877 614 2150 675 accederet,

496 707 588 738 non
625 683 762 736 affari
788 718 805 746 ,
841 701 985 750 atque
1021 697 1245 750 appetere
1282 684 1522 734 videretur
1545 717 1556 728 .
1609 683 1741 747 Qud
1771 688 1788 732 ‚³
1824 702 1933 733 cuin
1972 682 2153 733 bellum

496 772 686 824 repente
722 750 890 804 exarsit
917 786 933 813 ,
971 770 1083 803 num
1123 751 1340 818 pristinus
1378 752 1456 802 ille
1495 750 1799 818 hispanorum
1838 755 2019 814 ardor,
2068 761 2151 819 qui

495 826 642 876 caluit
682 829 856 874 recenti
893 840 941 871 re
968 854 984 883 ‚
1031 818 1315 886 interpositis
1363 839 1608 872 armorum
1657 819 1993 871 offensionibus
2032 828 2153 870 relri-

492 899 607 947 xit?
659 895 823 944 Immo
871 908 985 941 vero
1034 889 1125 940 liae
1172 889 1303 941 ludia
1348 897 1681 941 concitatiores
1718 910 1808 940 non
1847 895 2152 951 recusarunt,

493 969 609 1031 quin
645 981 754 1013 eam
791 959 1031 1012 fortunam
1059 993 1075 1019 ,
1111 976 1401 1026 quaecunque
1437 958 1594 1010 fuisset
1633 961 1837 1015 CAROU
1865 994 1879 1020 ,
1929 962 2154 1010 ducerent

494 1032 622 1084 suam
652 1067 664 1079 .
701 1032 843 1082 Dura
883 1026 1102 1096 profecto
1136 1029 1359 1080 omnibus
1393 1030 1609 1079 conditio
1648 1027 1786 1095 ipsius
1824 1049 1926 1079 tum
1968 1029 2156 1078 videba-

493 1118 608 1153 tur.
669 1102 747 1152 At
809 1100 977 1150 divino
1033 1096 1229 1148 consilio
1280 1098 1401 1148 hanc
1450 1096 1874 1150 formidolosiilimi
1926 1103 2155 1164 temporis

492 1168 827 1238 tempestatem
863 1166 1078 1218 oblatam
1118 1167 1185 1217 illi
1224 1166 1357 1219 fuifle
1393 1167 1709 1228 crediderim,
1750 1185 1799 1218 ut
1828 1177 1871 1216 in
1896 1187 1966 1235 ¹eo
2002 1185 2156 1217 armo·

495 1259 604 1292 rum
642 1236 854 1290 tumultu
880 1271 896 1298 ‚
944 1255 1036 1286 nori
1088 1234 1214 1286 fietis
1261 1242 1309 1288 &
1346 1237 1645 1287 adumbratis
1681 1235 2110 1287 concertationibus
2135 1269 2152 1296 ,

493 1308 570 1361 sed
609 1308 774 1360 multis
811 1313 858 1357 &
897 1303 1253 1355 bellicosissimis
1303 1306 1516 1356 hostibus
1543 1342 1558 1368 ,
1609 1325 1699 1355 non
1751 1306 1963 1372 legendis
2007 1305 2154 1354 medi-

494 1375 742 1445 tandisque
779 1375 915 1426 dorni
954 1374 1121 1440 praeliis
1148 1407 1163 1434 ,
1200 1376 1275 1424 led
1315 1373 1404 1423 suis
1443 1374 1534 1440 ipse
1572 1376 1792 1440 periculis
1816 1412 1831 1438 ,
1869 1395 1959 1424 non
1988 1374 2153 1423 alienis

496 1448 702 1513 denique
739 1443 956 1511 auspiciis
981 1476 996 1503 2
1036 1441 1111 1493 sed
1151 1440 1230 1494 suo
1268 1444 1420 1493 duetu
1465 1447 1770 1510 liuperioque
1808 1449 1867 1496 ad
1908 1441 2152 1492 scientiam

495 1523 560 1567 rei
624 1515 845 1567 militaris
905 1510 1199 1581 reliquasque
1263 1518 1594 1578 imperatorias
1655 1531 1776 1561 artes
1838 1514 2152 1562 erudiretur.

491 1585 688 1653 Ecquid
725 1602 819 1648 ego
856 1582 1014 1631 dicam
1053 1583 1112 1632 de
1150 1580 1369 1646 singulaii
1410 1581 1487 1631 illa
1530 1584 1760 1632 Numinis
1810 1583 2107 1648 providentia
2135 1614 2151 1641 ,

493 1672 588 1722 qua
627 1652 812 1704 faC’tum
851 1649 916 1700 est
942 1685 958 1711 ‚
1007 1667 1058 1701 ut
1108 1665 1181 1700 tot
1230 1651 1454 1718 deinceps
1501 1650 1842 1702 certaminibus
1877 1657 2108 1701 exercitus
2134 1684 2150 1711 ‚

494 1739 568 1774 tot
602 1722 811 1786 jadiatus
849 1720 1175 1770 incommodis
1199 1752 1214 1778 ,
1265 1736 1337 1769 tot
1375 1739 1590 1773 :erumnis
1626 1737 1771 1786 atque
1808 1720 2034 1784 angustiis
2069 1727 2151 1769 cir-

491 1809 814 1852 cumventus,
877 1804 1040 1856 praeter
1089 1787 1237 1839 fidem
1290 1788 1543 1839 bominum
1611 1792 1896 1856 plerumque
1950 1789 2149 1848 vidior,

493 1862 646 1913 salvus
683 1858 866 1926 semper
900 1875 1044 1926 atque
1084 1858 1334 1908 incolumis
1368 1858 1606 1908 evaserit?

562 1930 711 1996 Quod
748 1935 874 1978 enim
916 1928 937 1996 (
979 1929 1117 1978 Deus
1166 1927 1487 1977 immortalis!
1536 1926 1558 1994 )
1607 1944 1797 1995 tempus
1848 1926 1967 1978 illud
2018 1924 2149 1986 fuit,

491 2019 602 2051 cum
643 2005 832 2049 intentis
882 2005 926 2045 in
976 1995 1101 2047 hunc
1152 2015 1297 2046 unum
1351 1995 1657 2062 potentissimi
1716 2001 1878 2060 Regni
1931 1997 2150 2054 viribus,

495 2067 616 2120 solus
663 2086 721 2118 ex
768 2064 1007 2126 adveiso‚
1057 2066 1265 2116 inviditis
1313 2069 1513 2133 quidem
1553 2067 1632 2116 ille
1681 2073 1729 2118 &
1766 2065 2022 2127 constans,
2072 2066 2149 2115 sed

496 2156 644 2205 prope
681 2138 887 2187 desertus
921 2133 1224 2185 confisleret?
1283 2135 1437 2185 Aiivd
1484 2154 1541 2187 ex
1589 2136 1686 2185 alio
1731 2134 1850 2185 milii
1900 2142 2102 2185 occurrit
2138 2170 2150 2179 .

494 2207 749 2257 hdernoria
791 2209 961 2255 tenetis
997 2223 1143 2271 quain
1180 2203 1356 2254 crebris
1395 2223 1477 2270 per
1511 2223 1566 2255 ea
1603 2221 1821 2271 tempora
1861 2200 2154 2255 sermonibus

494 2275 796 2341 usurparetur
844 2270 1031 2323 obsidio
1080 2271 1484 2333 Barcinonensis,
1548 2292 1661 2324 curn
1721 2275 1973 2328 CAROLUS
2033 2290 2155 2323 terra

496 2352 714 2412 marique
750 2342 810 2393 ab
846 2348 1055 2392 exercitii
1104 2361 1161 2391 ex
1223 2342 1427 2409 liispau5s
1479 2341 1708 2410 gallisque
1757 2341 1969 2393 conflato
2020 2349 2154 2393 inter-

497 2412 648 2463 clusus
699 2429 1027 2478 premeretur.
1090 2407 1375 2462 Obfidionis
1424 2411 1704 2475 gravissimae
1753 2414 1940 2477 pondus
1988 2430 2041 2460 ac
2092 2431 2152 2460 re-

496 2500 601 2532 rum
642 2481 821 2530 molem
861 2480 981 2530 solus
1017 2478 1228 2532 sustinuit
1265 2481 1526 2536 CAROLUS
1581 2481 1849 2532 Barcinone
1875 2517 1886 2528 .
1936 2482 2150 2530 Omnem

496 2550 609 2601 belli
648 2549 801 2599 aleam
852 2549 978 2600 illius
1024 2549 1222 2601 arbitrio
1269 2549 1571 2602 commiserat
1621 2550 1906 2617 Leopoldus
1960 2551 2154 2609 Pater3

494 2619 607 2680 sed,
648 2626 721 2669 cui
764 2635 862 2668 rem
901 2634 1085 2690 tantam
1121 2620 1368 2682 crederet,
1404 2639 1498 2671 non
1528 2620 1803 2686 ignorabat.
1842 2621 2011 2670 Nemo
2039 2637 2154 2670 unus

495 2706 595 2738 erat
646 2695 719 2760 vir
764 2704 863 2736 tam
916 2690 1049 2737 sortis
1097 2690 1158 2739 ad
1211 2691 1462 2754 pericula,
1525 2696 1705 2757 peritus
1753 2687 1815 2739 ad
1866 2689 2039 2749 usum,
2090 2688 2153 2736 ad

498 2758 655 2808 casum
695 2756 1032 2823 fortunamque
1068 2755 1179 2807 felix
1206 2791 1221 2816 ,
1265 2776 1362 2825 quo
1413 2767 1567 2823 magis
1616 2765 1771 2809 innixa
1811 2758 1920 2809 urbs
1958 2758 2036 2807 illa
2078 2755 2157 2806 sla-

500 2843 610 2888 ret,
649 2828 710 2877 ad
748 2844 895 2893 quam
934 2833 1089 2875 omnis
1128 2825 1236 2877 belli
1277 2826 1605 2895 Hispaniensis
1641 2835 1850 2894 impetus
1880 2846 2025 2895 prope
2051 2843 2154 2873 con-

501 2894 677 2946 sederat
703 2913 720 2956 3
766 2899 959 2946 Etenim
989 2895 1353 2947 Bai‘cinonenses
1381 2916 1536 2950 rerum
1567 2897 1752 2950 suarum
1782 2899 1956 2963 trepidi
1983 2929 1998 2954 ,
2037 2912 2155 2959 ques

1936 2981 2093 3029 refen-
