2446 3408
1204 334 1225 403 (
1263 335 1326 387 Χ·
1364 333 1386 401 )

460 469 663 550 Atque
687 504 708 543 ‚
750 480 821 529 ut
865 482 938 526 ne
982 464 1056 527 de
1101 465 1330 528 ceteris
1352 461 1675 534 dicamuS,
1719 460 2133 528 celeberrima

447 588 686 669 semper
748 605 819 647 ac
878 582 1277 666 sanstissima
1340 580 1511 644 nobis
1564 584 1694 644 eric
1757 582 1886 644 illa
1954 584 2135 662 dies,

460 724 592 768 cum
646 705 722 765 Te
774 721 895 787 per
950 703 1273 784 Majorum
1325 718 1580 767 tuorum
1633 699 1885 782 vestigia
1937 705 2135 765 Aram

462 825 584 886 Dei
627 824 872 887 Matris
923 823 1269 885 adeuntem
1323 822 1412 884 ad
1464 822 1691 904 Templi
1727 821 1918 901 fores
1966 843 2132 885 exce·

455 946 663 1027 pimus
705 989 720 1005 .
793 942 1008 1009 Multa
1053 943 1189 1024 jam
1244 956 1391 1003 ante
1443 940 1520 1002 de
1558 942 1898 1022 gravitate
1945 942 2124 1017 Tua,

467 1063 540 1124 de
584 1060 907 1143 modestia,
961 1060 1397 1134 humanitate,
1451 1076 1642 1141 atque
1685 1060 1979 1141 religione
2026 1081 2127 1122 no-

469 1180 564 1244 bis
589 1181 784 1262 fama
825 1180 1339 1264 praedicaveram
1403 1180 1646 1263 majera
1698 1195 1913 1243 tamen
1966 1180 2133 1242 vidi-

470 1317 610 1363 mus
651 1338 674 1376 ,
734 1318 866 1364 cum
930 1317 994 1362 te
1042 1300 1395 1383 praesentem
1458 1302 1850 1361 intueremur
1894 1345 1905 1359 .
1989 1300 2132 1387 Quat

473 1421 603 1480 Tua
648 1416 793 1480 erat
836 1421 897 1480 in
948 1420 1164 1500 inceffu
1208 1414 1555 1501 Majestas?
1606 1419 1750 1508 Quae
1800 1421 1862 1480 in
1898 1418 2132 1497 sermo-

470 1557 544 1599 ne
587 1535 993 1618 affabilitas?
1045 1540 1247 1628 Qum
1290 1554 1354 1604 te
1382 1536 1650 1618 facilem
1686 1541 1748 1600 in
1791 1536 1997 1616 officiis
2041 1558 2141 1598 no-

467 1653 611 1727 stris
662 1657 1031 1740 excipiendis
1075 1655 1434 1740 praebuisti?
1508 1657 1744 1721 Mirati
1781 1656 2011 1736 sumus
2066 1658 2142 1718 Te

472 1773 561 1837 ad
600 1794 759 1840 aras
791 1776 1192 1865 provolutam
1205 1777 1493 1858 prolixas
1529 1775 1681 1840 adeo
1714 1791 1936 1860 preces
1986 1775 2144 1852 fun-

476 1893 671 1971 dere,
720 1896 909 1957 vultu
963 1894 1299 1981 habituque
1344 1894 1432 1956 ad
1467 1895 1774 1976 pietatem
1827 1897 1924 1960 ita
1978 1914 2131 1955 com-

472 2012 659 2096 pofito
704 2051 726 2091 ‚
787 2031 859 2076 ut
912 2013 1188 2082 omnibus
1240 2013 1504 2095 exemplo
1558 2013 1672 2092 effe
1719 2014 1955 2100 peffes,
2016 2032 2130 2095 quo

482 2132 724 2193 demum
767 2135 942 2196 cultu
956 2135 1215 2220 precari
1238 2134 1654 2216 venerarique
1677 2131 2141 2217 Superos'opor-

482 2266 658 2313 teat.
695 2251 840 2338 sam
883 2267 1017 2317 tum
1051 2251 1242 2334 plane
1268 2250 1473 2327 firma
1517 2253 1688 2331 capit
1734 2252 1845 2331 effe
1868 2272 1940 2312 ea
1948 2251 2136 2333 spe5‚

482 2387 606 2451 qua
635 2367 1177 2449 sustentabamur,
1218 2388 1257 2433 a
1309 2370 1384 2433 Te
1427 2370 1718 2431 nimirum
1763 2371 2140 2433 exorandum

484 2491 944 2571 quamprimum
990 2489 1254 2552 DEUM
1289 2491 1354 2550 O.
1396 2488 1505 2561 M,
1548 2504 1622 2549 ut
1666 2489 1993 2568 masculam
2021 2489 2148 2554 Tibi

479 2606 717 2689 prolem
757 2606 1152 2683 concederet,
1206 2607 1521 2688 daretque
1578 2610 1641 2669 in
1695 2626 1768 2670 ea
1823 2607 2148 2688 Austriacae

491 2726 737 2789 Ditioni
782 2725 1133 2799 Heredem,
1187 2728 1291 2807 qui
1340 2726 1658 2808 Majorum
1685 2726 1941 2807 suorum
1983 2728 2150 2792 deco-

495 2861 573 2908 ra
615 2861 776 2907 unus
817 2847 1190 2931 exprimeret
1216 2883 1238 2923 ‚
1283 2843 1769 2927 traduceretque
1811 2845 1901 2909 ad
1921 2863 2150 2907 omnem

1870 2963 2055 3048 polle-
