2446 3408
1095 319 1443 391 (v111.)

443 457 829 534 vetitumque
881 470 955 511 ne
1008 449 1162 530 quid
1211 464 1487 530 unquam
1535 442 1806 526 molestia
1847 445 2120 522 scalensi

445 576 704 653 Collegio
748 569 1096 650 afferretur
1139 605 1161 644 ‚
1231 586 1385 629 neve
1455 565 1537 627 ab
1612 587 1676 628 eo
1727 564 2114 645 υεὲἳὶἒαίὶιι,

442 713 593 759 neve
635 687 977 752 exai'tiones
1019 686 1153 747 ullae
1196 692 1587 767 exigerentur
1612 731 1626 743 .
1690 685 1875 745 Illius
1917 703 2113 745 exem·

437 814 588 898 plo,
642 811 926 888 miraque
982 811 1044 869 in
1113 808 1233 867 Dei
1285 807 1570 866 Matrem
1616 808 1863 886 pietate
1906 802 2108 864 addu-

453 932 589 994 ὀΐω
635 925 885 989 PHILI
902 926 1109 987 PPUS
1132 927 1232 986 IV.
1256 922 1891 985 HISPANIARUM
1912 922 2101 983 REX

453 1068 563 1114 eas
610 1050 902 1111 Litteras
947 1044 1302 1127 Diplomate
1347 1062 1463 1104 uno
1507 1040 1585 1105 89⁰
1626 1042 1830 1104 altero
1884 1040 2106 1116 confir·

461 1170 666 1232 mavit
711 1204 734 1243 ,
806 1162 1179 1245 addiditque
1220 1178 1534 1246 praeterea
1561 1161 1631 1242 se
1676 1178 1892 1224 ratam
1944 1159 2109 1221 velle

459 1287 803 1366 largirique
848 1286 1079 1345 iterum
1122 1283 1436 1345 licentiam
1480 1281 1621 1343 olim
1665 1279 1834 1343 nohis
1891 1298 1930 1340 a
1980 1280 2112 1338 Du-

461 1404 631 1467 cibus
684 1400 1238 1477 Mediolanenfibus
1291 1401 1513 1462 datam
1558 1421 1580 1468 ;
1652 1402 1750 1462 uti
1812 1400 2110 1459 nimirum

441 1522 612 1603 flato
655 1521 754 1583 die
797 1542 869 1582 ex
910 1523 1028 1593 iis,
1071 1523 1178 1602 qui
1218 1535 1489 1581 extremo
1517 1519 1810 1602 supplicio
1849 1518 2115 1598 punien-

461 1642 530 1703 di
591 1640 773 1720 effent
814 1687 830 1712 ‚
901 1639 1011 1700 vel
1050 1642 1244 1721 poenis
1298 1642 1628 1721 perpetuis
1692 1633 2036 1698 mulcffandi
2081 1673 2104 1710 ,

463 1760 617 1821 duos
652 1758 947 1839 poſj’emus
997 1756 1268 1819 arbitrio
1322 1756 1512 1836 nostro
1565 1754 1876 1817 liberare.
1929 1752 2113 1842 Qod

467 1877 686 1942 itidem
728 1873 1015 1957 praestitit
1067 1876 1457 1938 CAROLUS
1510 1877 1616 1937 IL·
1657 1872 2116 1936 HISPANIA·

462 1996 663 2058 RUM
692 1995 924 2067 REX,
966 1997 1115 2076 qui,
1156 2014 1289 2057 cum
1316 1993 1741 2077 suspicaretur
1765 2032 1787 2069 ‚
1831 2013 1902 2057 ne
1940 1992 2112 2064 illis,

464 2116 540 2176 de
583 2111 804 2195 quibus
850 2115 1208 2173 mentionem
1239 2113 1510 2192 fecimus
1538 2152 1557 2189 ‚
1613 2113 1928 2195 Majorum
1963 2108 2105 2189 suo·-

466 2251 607 2295 rum
653 2233 972 2293 Litteris:
1025 2229 1370 2295 obedientia
1415 2230 1835 2313 obsolesceret,
1879 2248 1989 2291 eas
2035 2246 2107 2291 ex

466 2367 593 2413 toto
645 2352 1018 2411 renovavit.
1088 2351 1173 2408 At
1216 2351 1420 2426 illud,
1470 2352 1544 2412 de
1596 2370 1710 2432 quo
1753 2350 2108 2431 gloriamur

468 2469 913 2531 immortaliter
938 2507 959 2543 ‚
1005 2485 1433 2531 ornamentum
1471 2468 1547 2550 est
1577 2464 2115 2553 praestantifflmum

468 2608 506 2649 a
565 2586 901 2647 CAROLO
968 2590 1072 2658 V.‚
1134 2586 1214 2650 &¹
1275 2587 1695 2651 PHILIPPO
1748 2590 1844 2650 IV.
1894 2590 1956 2647 in
2009 2600 2115 2647 nos

470 2706 760 2771 collatum
784 2725 806 2772 ;
849 2723 1111 2787 quorum
1156 2706 1326 2767 alter
1356 2705 1522 2789 juffit
1574 2706 1794 2768 AEdem
1831 2707 1885 2765 Α
1919 2704 2115 2766 Scala

475 2825 705 2911 Regum
745 2823 850 2888 vel
893 2823 1192 2907 Caesarum
1235 2829 1562 2908 propriam
1613 2825 1722 2906 effe
1749 2862 1772 2902 ‚
1822 2840 2115 2902 eamque,

1803 2945 2023 3006 Sacer«
