2446 3408
766 329 1263 402 <xxx111.)

179 437 377 512 hispana
406 440 555 493 stabat
582 475 598 504 ‚
633 440 829 493 divulsis
858 444 1098 495 Britannis
1119 478 1134 505 ‚
1164 445 1387 515 reliquiS,
1413 458 1468 497 ut
1490 449 1719 508 conjicere
1746 464 1852 515 pro-⁴

189 532 301 565 num
338 527 438 562 erat
465 545 480 572 ‚
520 511 651 562 brevi
692 510 942 578 dilapsuris
967 547 983 574 ,
1021 516 1271 566 concidere
1309 531 1529 583 oportere
1566 534 1621 566 ac
1660 527 1850 584 penitus

189 580 473 634 dissolutum
508 586 563 629 iri
602 581 852 636 CAROLUS
878 582 1033 632 multo
1068 589 1164 644 iam
1192 600 1299 635 ante
1327 583 1625 652 prospexerat
1648 620 1660 631 .
1715 585 1855 636 Intel-

181 651 368 717 ligebat
407 654 633 698 nimirum
672 647 1030 715 sapientissimus
1079 668 1237 702 rerum
1286 653 1537 704 aestimator
1587 653 1707 704 hanc
1756 654 1852 706 esse

193 721 520 771 conditionem
550 714 778 768 foederum
804 754 816 772 ‚
853 734 904 770 ut
931 718 1006 769 sua
1033 737 1277 788 quemque
1304 721 1638 773 {hederatorum
1670 723 1853 774 utilitas

196 802 393 842 moveat
419 820 435 847 ‚
486 793 635 853 perire
673 802 828 838 totam
864 806 1155 855 compagem
1183 822 1199 851 ‚
1249 808 1363 841 cum
1412 792 1573 858 aliqua
1621 810 1679 842 ex
1720 810 1853 859 parte

195 863 371 909 vitium
410 853 560 905 facere
588 862 778 922 coeperit
805 874 822 917 3
865 863 938 908 At
965 857 1048 908 ilie
1076 890 1091 919 ‚
1129 876 1224 926 qua
1247 876 1351 909 erat
1377 867 1525 910 animi
1552 861 1808 912 altitudine
1833 893 1851 922 ‚
1920 894 1925 897 -

193 942 324 978 totus
362 940 501 990 aptus
538 943 596 974 ex
635 923 721 975 sese
747 958 763 986 ‚
802 931 983 993 quique
1023 931 1069 976 in
1106 925 1149 977 se
1183 947 1279 978 uno
1317 928 1394 979 sua
1427 945 1622 996 poneret
1648 936 1809 980 omnia
1830 962 1854 991 -‚

194 1012 350 1062 neque
399 993 441 1044 se
490 991 626 1044 obrui
677 1009 908 1061 tanquam
960 993 1157 1057 flud’tu,
1208 994 1266 1046 fic
1316 999 1650 1062 magnitudine
1697 1016 1856 1050 rerum

196 1062 343 1115 sinens
369 1096 384 1123 ,
423 1080 620 1112 omnem
661 1062 796 1112 illam
842 1079 1120 1130 temporum
1164 1063 1454 1134 fortunaeque
1502 1064 1858 1118 conversionem

196 1131 318 1183 solus
354 1149 412 1181 cx
449 1131 647 1181 adverso
684 1138 872 1197 excepit
897 1166 913 1193 ‚
955 1131 1168 1184 sustinuit
1195 1167 1211 1194 ,
1260 1154 1316 1184 ac
1353 1142 1488 1186 novis
1526 1143 1674 1186 etiam
1708 1135 1860 1187 ⁴bello-

197 1219 304 1252 rum
333 1197 561 1250 flustibus
587 1197 674 1250 sese
699 1207 1006 1252 committere
1030 1207 1129 1262 jam
1158 1217 1262 1253 tum
1293 1205 1516 1269 parabat.
1562 1205 1859 1255 Meministis

197 1288 347 1339 quam
373 1265 484 1335 saepe
510 1265 704 1318 fortunae
741 1271 945 1324 CAROLI
975 1265 1333 1321 irascebamur?
1371 1273 1535 1337 Qam
1575 1270 1687 1338 saepe
1728 1272 1859 1325 illius

199 1346 355 1389 vicem
415 1337 704 1387 doluimus?
757 1341 831 1389 At
894 1338 985 1388 hoc
1048 1339 1195 1388 veluti
1239 1340 1356 1391 ludo
1417 1344 1580 1390 divina
1631 1340 1860 1408 sapientia

199 1409 476 1462 CAROLUM
520 1406 582 1455 ad
630 1407 895 1473 imperium
937 1406 1199 1473 provehere
1236 1406 1485 1459 festinabat
1511 1445 1521 1455 .
1562 1411 1684 1460 Haec
1725 1410 1792 1459 illi
1829 1429 1860 1461 a

201 1478 320 1527 Deo
358 1492 462 1525 tum
497 1490 731 1542 tanquam
770 1477 865 1526 rata
902 1481 947 1525 in
976 1476 1056 1526 illa
1095 1477 1300 1543 caligine
1337 1494 1614 1546 temporum
1650 1486 1862 1530 concinev

199 1544 411 1596 bantur·
482 1603 488 1604 ⁷

271 1613 506 1681 Namque
532 1631 591 1664 eo
618 1611 717 1681 ipso
743 1611 1037 1666 difficillimo
1063 1630 1282 1683 tempore
1308 1650 1324 1677 ,
1350 1634 1448 1683 quo
1475 1616 1753 1674 CAROLUM
1782 1635 1861 1668 va·

200 1688 274 1733 riae
299 1682 587 1749 torquebant
611 1701 728 1733 curae
753 1717 769 1744 ,
818 1702 926 1733 ecce
964 1682 1116 1734 subito
1157 1684 1221 1734 nil
1261 1687 1356 1736 tale
1392 1691 1606 1752 opinanti
1660 1703 1864 1750 gravem

195 1751 519 1818 acerbumque
557 1747 716 1800 afferri
756 1756 1017 1802 nuncium:
1069 1751 1326 1820 Iosephum
1382 1755 1731 1821 Imperatorem
1772 1751 1858 1804 fra-

199 1838 321 1870 trem
359 1836 470 1869 natu
500 1825 732 1880 maiorem
760 1827 894 1869 terris
918 1836 1137 1887 ereptum
1165 1855 1181 1882 ‚
1223 1823 1311 1873 tibi
1336 1853 1355 1883 ‚
1398 1822 1619 1879 CAROLE
1646 1856 1663 1883 ,
1705 1824 1863 1889 impe—

201 1895 325 1939 rium
353 1922 368 1948 ‚
418 1903 464 1937 te
506 1888 720 1953 Imperio
770 1888 1032 1955 relinquere
1072 1908 1088 1950 3
1137 1888 1392 1954 confugere
1440 1897 1489 1941 >in
1535 1890 1685 1942 sinum
1722 1906 1864 1943 tuum

195 1956 474 2008 concussam
516 1963 756 2021 repentina
782 1957 1058 2007 calamitate
1087 1957 1415 2009 Christianam
1448 1960 1866 2027 Rempublicam‚

203 2024 430 2091 ruensque
475 2026 740 2091 Imperium
786 2026 1061 2075 Germaniae
1101 2034 1249 2078 totius
1289 2046 1404 2078 voce
1448 2028 1542 2078 tibi
1591 2029 1808 2079 delatum
1845 2063 1860 2076 .

203 2096 357 2145 Enim
385 2111 497 2144 vero
522 2093 768 2144 cohorruit
799 2091 1036 2159 Hispania
1077 2096 1317 2157 universa,
1359 2096 1725 2148 Barcinonenies
1753 2114 1868 2148 vero

210 2163 304 2213 hac
341 2161 707 2213 denunciatione
761 2160 956 2230 perculfi
998 2182 1115 2229 pene
1159 2168 1466 2216 conciderant
1492 2203 1502 2213 .
1569 2166 1685 2216 Erat
1734 2183 1869 2216 enim

209 2232 464 2287 CAROLUS
499 2238 543 2280 in
580 2230 732 2281 oculis
760 2231 885 2281 illius
914 2231 1041 2283 urbis
1065 2265 1080 2292 ,
1118 2233 1435 2302 colebantque
1471 2253 1582 2285 eum
1612 2235 1779 2301 populi
1809 2232 1869 2285 sic

212 2319 268 2350 ac
307 2299 572 2363 diligebant
599 2333 615 2360 ,
653 2315 704 2350 ut
743 2298 818 2351 sua
851 2299 973 2351 bona
1014 2299 1095 2353 fibi
1125 2302 1269 2368 diripi
1297 2337 1312 2363 ,
1356 2309 1605 2371 vitamque
1631 2306 1755 2352 adeo
1779 2311 1864 2353 eri-

205 2374 258 2437 pi
285 2368 482 2418 mall-ent
507 2400 524 2429 ,
563 2386 710 2434 quam
742 2368 1050 2420 Austriacum
1088 2371 1147 2422 ab
1185 2367 1228 2421 se
1256 2371 1421 2422 divelli
1456 2373 1723 2439 Principem
1749 2405 1765 2432 ,
1814 2377 1866 2424 &

208 2438 484 2492 CAROLUM
529 2433 782 2503 prasertim
818 2436 1015 2488 distrahi
1055 2456 1327 2506 paterentur
1351 2475 1362 2487 .
1412 2439 1574 2505 Qiare
1612 2438 1868 2490 amantiffi-

212 2524 405 2556 morum
442 2510 625 2556 civium
658 2508 868 2572 querelis
904 2524 1041 2558 aures
1076 2508 1204 2558 illius
1240 2508 1463 2576 quotidie
1513 2506 1858 2577 personabant:

207 2582 323 2641 quin
374 2573 616 2641 respiceret
666 2573 788 2624 hanc
824 2575 1114 2642 populorum
1156 2574 1336 2631 fidem,
1373 2583 1455 2644 qui
1482 2577 1606 2629 bona
1643 2575 1867 2627 fortuna-s-

200 2661 300 2709 ·que
362 2647 408 2691 in
466 2649 858 2693 communionem
928 2642 1117 2694 suorum
1178 2660 1454 2713 temporum
1514 2645 1810 2697 contulerant
1846 2677 1865 2706 ‚

205 2729 542 2778 quemcunque
577 2711 761 2762 cursum
800 2711 985 2763 fortuna
1023 2710 1268 2774 dedisset5
1310 2715 1430 2765 hanc
1456 2721 1728 2765 animorum
1757 2731 1864 2762 con-

208 2781 512 2848 spirationem
550 2778 892 2830 confirmandis
922 2786 1023 2841 jam
1063 2781 1240 2833 viribus
1267 2816 1282 2842 ,
1331 2783 1728 2849 procurandaeque
1766 2779 1866 2832 suo-

208 2868 315 2901 rum
351 2846 487 2900 saluti
523 2848 818 2910 adhiberem
865 2866 950 2901 cur
993 2849 1089 2900 alia
1136 2868 1195 2901 ex
1230 2852 1336 2902 aliis
1373 2857 1419 2901 in
1457 2850 1581 2902 bella
1620 2850 1662 2902 ie
1702 2855 1864 2901 vocari

1045 2914 1070 2967 f
1691 2916 1799 2970 fine=
