2389 3408
914 374 1231 444 (Lix.)

223 504 293 539 tes
327 488 449 538 olim
486 485 660 547 duem,
695 483 905 546 eodem,
944 491 1141 553 inquam
1169 519 1185 547 ‚
1236 483 1374 536 vultu
1417 498 1625 536 mortem
1663 488 1885 536 immatu-

224 574 330 608 ram
366 555 492 607 adeo
518 587 534 615 ,
573 551 849 622 magnisque
894 553 1098 605 consiliis
1146 561 1473 621 importunam
1516 551 1886 606 constantissime

225 630 440 692 excepit.
480 624 602 689 Quis
637 642 730 673 non
779 619 979 689 suspexit
1017 623 1093 674 vel
1140 628 1187 672 in
1236 621 1331 689 ipsa
1377 638 1534 673 morte
1556 656 1576 684 ‚
1626 624 1888 675 Austriacae

227 699 420 764 pietatis
446 692 787 745 hereditarium
816 688 1032 742 sensum?
1065 690 1200 756 Quid
1224 696 1353 741 enim
1376 691 1512 743 aliud
1539 692 1887 758 praedicabant,

227 782 331 832 quae
364 778 468 814 tum
507 757 675 828 passim
712 758 1028 813 recitabantur
1065 759 1255 810 litterae?
1298 758 1574 811 Narrabant
1616 761 1750 812 {acris
1787 781 1891 827 my-

230 834 377 886 steriis
435 829 574 882 semel
651 834 922 895 iterumque
979 834 1161 895 expiari
1235 827 1576 892 religiofiffime
1639 830 1839 883 voluiffe
1878 854 1887 882 ι

226 899 478 953 narrabant
516 913 787 950 extremum
829 897 1007 949 sensum
1045 897 1299 961 Religioni
1341 897 1573 950 Caesarem
1612 897 1891 963 reservasse,

231 967 808 1039 quam-commendatam
834 999 852 1028 ‚
897 972 946 1019 δι
994 967 1319 1017 concreditam
1372 967 1563 1019 Heredi
1603 969 1756 1020 voluit
1782 1004 1799 1032 ,
1837 987 1890 1022 ut

229 1038 349 1089 nihil
401 1035 569 1103 supra:
619 1034 874 1103 delataque
910 1035 974 1086 ad
1012 1031 1164 1102 ipsum
1204 1031 1446 1085 Pontificii
1485 1038 1770 1089 Internuncii
1800 1057 1896 1092 ma-

228 1107 366 1159 nibus
398 1103 726 1166 EucharistIa,
760 1123 818 1155 ea
845 1101 1044 1164 dixisse,
1079 1121 1181 1172 quae
1208 1103 1511 1156 lacrimarum
1541 1112 1641 1156 vim
1667 1108 1890 1161 omnibus

233 1176 508 1227 extorserint
535 1195 543 1224 :
581 1188 788 1224 mortem
816 1172 968 1224 videri
996 1171 1077 1223 fibi
1116 1190 1268 1241 neque
1301 1174 1655 1240 inexpectatam
1681 1208 1699 1238 ‚
1738 1195 1891 1247 neque

235 1242 620 1310 intempestivam
637 1275 654 1303 ‚
691 1260 841 1310 neque
867 1242 1176 1293 metuendam
1192 1259 1209 1302 3
1248 1240 1326 1292 sed
1352 1244 1619 1308 quamdam
1646 1243 1776 1312 quasi
1803 1254 1890 1298 mi-

233 1318 504 1377 grationem
541 1316 1074 1378 commutationemque
1113 1311 1289 1362 domus
1315 1345 1325 1356 .
1378 1311 1624 1363 Extremae
1648 1312 1717 1364 hae
1754 1333 1895 1368 voces

235 1379 362 1433 fuere
390 1414 406 1442 ,
443 1398 562 1449 quas
589 1377 795 1431 fideliter
821 1379 884 1430 ad
911 1397 996 1429 nos
1021 1376 1279 1446 perscripfit
1305 1411 1321 1438 ‚
1371 1386 1452 1447 qui
1478 1396 1579 1432 erat
1603 1387 1646 1431 ei
1671 1400 1698 1431 a
1724 1382 1894 1436 confes-

233 1448 467 1509 sionibus,
507 1454 577 1499 vir
604 1454 935 1513 integerrimus
962 1482 974 1494 .
1029 1449 1255 1515 Denique
1283 1444 1409 1498 febre
1435 1449 1668 1515 paulatim
1694 1453 1891 1504 exeden-

235 1537 312 1580 te,
341 1518 504 1585 plenus
528 1516 680 1583 gloria
707 1551 723 1579 ‚
761 1523 809 1570 &
834 1516 963 1567 recte
988 1512 1316 1568 factis'crebro
1344 1517 1445 1567 Dei
1473 1519 1695 1569 Matrem
1722 1553 1738 1581 ‚
1779 1521 1891 1590 {aepe

233 1586 464 1647 coelestes,
491 1583 727 1653 saepiffitne
744 1582 1049 1638 Crucifixum
1068 1586 1370 1638 Servatorem
1383 1587 1678 1654 compellans
1693 1621 1709 1648 ‚
1736 1608 1893 1643 morte

234 1655 371 1708 {acris
395 1673 588 1724 quoque
615 1654 889 1706 hominibus
914 1653 1171 1704 invidenda
1196 1688 1214 1716 ‚
1238 1651 1426 1707 exceffit
1450 1673 1476 1705 e
1501 1662 1624 1707 vivis
1650 1656 1903 1714 CAROLUS

239 1743 386 1776 annos
423 1741 558 1774 natus
595 1729 804 1791 quinque
841 1721 976 1790 supra
1014 1728 1362 1790 quinquaginta
1391 1759 1402 1769 .

305 1793 619 1860 Quamquam
647 1811 738 1842 non
764 1807 894 1843 totus
921 1796 1094 1840 interiit
1111 1792 1365 1846 CAROLUS
1378 1809 1396 1851 3
1423 1809 1515 1842 non
1540 1807 1668 1845 totus
1693 1793 1900 1861 denique

236 1860 475 1913 extinctus
499 1859 590 1912 est.
623 1861 761 1911 Vivit
788 1867 832 1910 in
861 1861 1129 1910 THEREsia
1173 1866 1480 1913 AUSTRIACA
1508 1883 1516 1910 :
1567 1868 1612 1910 in
1641 1863 1720 1912 illa
1739 1896 1755 1924 ‚
1796 1867 1900 1914 Au-

236 1931 408 1983 striacae
454 1928 605 1996 stirpis
646 1929 809 1979 laudes
835 1963 850 1990 ‚
900 1948 1073 1981 nomen
1099 1964 1114 1992 ‚
1154 1929 1359 1993 gloriam
1399 1929 1493 1982 sera
1543 1929 1790 1997 posteritas
1829 1950 1902 1982 ve·

235 1998 484 2050 nerabitur
509 2033 520 2043 .
581 1999 700 2049 Hoc
737 1997 934 2065 populi,
975 1998 1067 2049 hoc
1107 1999 1274 2057 urbeS,
1303 1997 1418 2059 isti,
1457 2004 1540 2066 qui
1581 2018 1658 2050 me
1695 2006 1896 2051 circurn-

238 2067 390 2125 stant,
422 2066 737 2130 Magistratus
751 2083 1068 2131 augurantur.
1099 2068 1264 2118 FacIet
1289 2073 1416 2117 enim
1445 2086 1582 2118 vero.
1613 2071 1687 2119 At
1716 2069 1899 2134 praecla-

237 2155 318 2196 ra,
347 2142 395 2189 &
424 2133 659 2186 luculenta
688 2133 817 2202 quasi
844 2137 1178 2187 reclamatione
1206 2133 1352 2186 vestra
1380 2170 1396 2197 ,
1424 2142 1567 2186 nimis
1593 2135 1685 2187 hoc
1711 2136 1896 2189 lentum

239 2203 333 2258 effe
361 2209 494 2269 regiae
523 2203 837 2255 beneficentiae
862 2201 1158 2269 fignificatis.
1200 2205 1272 2254 Ita
1301 2204 1462 2271 plane.
1500 2205 1662 2256 Fecit.
1701 2207 1894 2271 Pergite

240 2283 395 2334 cives,
428 2274 601 2338 legite,
641 2290 759 2340 quas
782 2277 880 2333 jan-1
909 2272 1122 2335 habetis,
1152 2278 1302 2338 regias
1330 2272 1537 2335 litteras,
1575 2272 1714 2323 testes
1749 2275 1897 2327 indul-

240 2339 515 2409 gentiffimae
544 2341 832 2402 voluntatis5
859 2339 957 2409 spes
984 2341 1186 2403 vestras,
1215 2358 1327 2392 vota
1356 2341 1504 2392 vestra
1532 2349 1818 2408 occupavit.

309 2411 404 2462 Sed
433 2407 537 2461 finis
565 2407 650 2471 sit,
678 2409 853 2477 vosque
880 2416 925 2459 in
954 2417 1122 2477 primis
1146 2409 1327 2477 superi,
1353 2429 1408 2460 ac
1421 2427 1467 2461 te
1483 2411 1901 2478 praesertim,Leo-

242 2480 387 2550 polde
415 2477 617 2539 Samste,
658 2478 861 2529 Austriae
887 2477 1072 2546 praeseS‚
1098 2484 1147 2531 &
1174 2485 1293 2529 inter
1332 2479 1566 2544 indigetes
1594 2481 1755 2530 Divos
1791 2481 1901 2532 huic

247 2554 488 2615 imperio,
516 2552 564 2600 &
592 2545 847 2599 Aullriaco
871 2553 1054 2598 nomini
1080 2544 1433 2608 addiciiffime,
1460 2566 1545 2598 vos
1570 2554 1765 2616 inquam
1780 2556 1900 2610 ‚aris

242 2614 378 2671 affusi
406 2612 728 2683 supplicesque
753 2615 1084 2682 precabimur,
1110 2632 1162 2668 ut
1191 2616 1286 2666 haec
1312 2616 1468 2678 dona,
1494 2635 1596 2684 quae
1622 2624 1666 2667 in
1689 2617 1897 2669 Austria-

243 2706 350 2740 cam
378 2686 613 2745 domum,
639 2691 687 2736 &
733 2682 999 2735 universum
1037 2685 1130 2736 hoc
1173 2685 1441 2752 Imperium
1478 2701 1581 2735 tam
1617 2682 1759 2736 effuse
1796 2704 1903 2737 cone¹

245 2754 472 2822 gesl'isti3‚
498 2760 688 2820 propria
719 2752 875 2803 velitis
899 2752 991 2804 effe
1017 2787 1034 2815 ,
1070 2773 1124 2806 ac
1161 2769 1388 2823 perpetua
1414 2787 1431 2815 ‚
1473 2759 1521 2806 &
1559 2754 1680 2803 hanc
1717 2769 1902 2806 tantam

243 2824 441 2894 publicae
489 2827 559 2873 rei
609 2818 887 2872 felicitatem
936 2822 1133 2874 auctore
1194 2822 1421 2872 CAROLO
1483 2838 1670 2889 partam
1712 2829 1756 2871 in
1807 2828 1906 2884 eju's

246 2892 499 2946 Heredem
545 2890 853 2940 THERESIAM
894 2890 1126 2955 derivari,
1165 2897 1679 2957 magnisincrementis
1703 2891 1901 2943 audiam

249 2958 697 3029 amplificatamque
722 2957 946 3019 jubeatis.
