2389 3408
1169 280 1351 351 (L.)

426 402 564 456 illum
601 399 878 457 arbitrarer,
918 393 951 451 si
989 397 1181 463 pietatis
1215 392 1422 445 modum
1461 411 1554 444 non
1590 389 1736 445 salute
1763 394 2087 463 populorum,

422 470 499 524 sed
548 472 747 536 privatis
785 464 950 520 studiis
999 461 1222 519 definiret
1258 498 1271 508 -
1325 461 1411 514 Est
1448 469 1577 516 enim
1619 468 1769 531 pietas
1808 461 2083 517 officiorum

424 543 641 594 omnium
682 535 788 596 lex,
825 549 926 601 quae
963 530 1046 584 nisi
1082 536 1353 586 communis
1389 528 1631 584 felicitatis
1669 537 1716 581 in
1757 535 1975 602 Principe
2011 535 2093 585 ad-

422 603 632 661 ministra
659 610 708 657 &
734 621 900 671 parens
923 599 1007 664 sit,
1029 601 1273 655 abnormis
1296 599 1394 662 est,
1420 619 1503 651 nec
1531 601 1656 652 illius
1680 597 1882 671 personae
1905 620 2090 654 accom-

422 675 649 729 modata.
676 672 827 723 Hanc
862 671 991 723 nulla
1017 689 1088 722 res
1112 676 1159 720 in
1186 670 1272 725 illo
1293 675 1450 734 magis
1485 672 1829 732 commendat,
1855 689 2005 741 quam
2033 671 2085 722 il-

423 744 577 798 lustris
614 747 663 795 δε
693 757 953 809 pervagata
988 740 1284 800 multorum,
1320 744 1369 791 δι
1405 744 1452 789 in
1478 737 1631 791 sacros
1673 740 1885 792 Ordines
1912 773 1928 800 ‚
1966 745 2090 793 &in

424 813 528 868 suos
566 809 819 881 populares
844 844 861 872 ‚
897 815 947 867 &
985 816 1031 861 in
1069 826 1213 860 omne
1250 825 1399 872 genus
1447 806 1704 860 hominum
1755 810 1857 862 laus
1906 816 2094 859 merito-

425 900 532 935 rum
567 917 578 927 .
632 881 753 934 Hoc
802 885 869 933 ita
909 877 1174 946 persuasum
1212 874 1302 927 fuit
1339 881 1531 946 optimo
1572 879 1779 945 Principi
1807 911 1823 938 ,
1863 894 1913 928 ut
1953 875 2094 945 ipsius

425 947 744 1006 beneficentia:
779 967 872 999 non
898 946 993 999 sola
1019 948 1287 998 Germania
1312 951 1642 997 terminaverit
1667 947 1871 999 modum
1902 968 1910 997 :
1952 946 2093 997 latius

424 1026 651 1089 opinione
677 1014 978 1071 disseminata
1004 1014 1072 1067 est
1095 1034 1113 1077 3
1151 1020 1366 1069 manavit
1392 1033 1486 1066 non
1522 1013 1673 1069 solum
1701 1033 1783 1082 per
1811 1015 2059 1067 Austriam
2076 1048 2094 1076 ,

427 1092 744 1153 Hungariam
769 1119 787 1148 2
824 1086 1164 1145 Bohemiam3
1204 1101 1371 1136 verum
1408 1090 1559 1139 etiam
1596 1083 1878 1135 transcendit
1916 1084 2048 1151 alpes
2074 1117 2092 1145 ,

425 1165 473 1211 &
510 1157 743 1221 Belgium
774 1155 1066 1222 Italiamque
1091 1158 1389 1221 peragravit.
1429 1156 1642 1218 Agraria
1680 1155 1785 1218 lege
1823 1153 2000 1222 ubique
2025 1170 2098 1203 ca·

427 1233 543 1288 vit,
580 1240 633 1277 ut
684 1221 903 1275 finiendis
950 1223 1011 1274 de
1059 1229 1246 1286 integro
1293 1219 1623 1289 metandisque
1661 1240 1889 1287 agrorum
1933 1226 2096 1275 limiti-

426 1296 516 1350 bus
540 1327 558 1357 ,
594 1309 724 1360 aequa
764 1292 1081 1356 veC’tigalium
1118 1295 1315 1360 partitio
1351 1288 1484 1341 fieret
1508 1326 1519 1337 .
1573 1291 1744 1343 Vetuit
1781 1297 1980 1358 privatis
2015 1290 2098 1341 ho-

428 1363 637 1417 minibus
675 1360 927 1428 privilegia
967 1364 1164 1425 irrogari
1196 1377 1223 1408 a
1262 1358 1609 1425 potent10ribus
1635 1395 1647 1407 .
1696 1361 1925 1410 Summos
1966 1377 2096 1427 aeque

428 1452 484 1486 ac
510 1429 702 1486 infimos
726 1430 899 1482 eadem
923 1433 1036 1491 juris
1060 1426 1382 1495 aequabilitate
1406 1433 1636 1481 contineri
1671 1426 1797 1492 juffit
1827 1464 1841 1476 .
1879 1428 2099 1495 Ecquan-

427 1502 496 1555 do
521 1498 728 1569 populus
753 1494 1092 1552 difficultatem
1125 1515 1317 1549 annonae
1347 1530 1364 1559 ,
1396 1502 1707 1567 inopiamque
1745 1502 1809 1547 rei
1845 1494 2101 1548 frumenta-

428 1575 506 1624 riae
541 1568 699 1624 doluit
725 1599 742 1629 ,
780 1573 895 1634 quin
944 1572 1173 1619 continuo
1197 1600 1214 1629 ,
1261 1563 1576 1617 beneficentia
1619 1568 1860 1633 Principis
1885 1599 1901 1627 ‚
1940 1564 2101 1616 vilitas

428 1656 514 1691 nec
538 1643 733 1707 opinata
758 1632 1118 1703 consequeretur
1141 1652 1380 1685 annonam
1406 1633 1693 1685 cariffimam
1723 1639 1740 1684 ?
1778 1635 1986 1701 denique
2016 1634 2101 1686 stu-

429 1708 570 1761 dium
595 1722 739 1758 omne
761 1722 820 1755 eo
846 1703 1104 1765 referebat,
1131 1719 1183 1757 ut
1221 1711 1284 1768 ii,
1309 1701 1483 1775 quibus
1509 1718 1699 1773 praeerat
1727 1735 1744 1764 ,
1778 1699 1925 1752 effent
1950 1720 2100 1772 quam

430 1772 711 1830 beatiffimi.

498 1841 936 1912 Expostulaverant
962 1847 1213 1909 provinciae
1239 1840 1448 1906 Belgicae
1471 1874 1487 1902 ‚
1513 1840 1646 1906 quod
1663 1873 1679 1901 ‚
1715 1836 1887 1891 aversis
1912 1844 1959 1889 in
2004 1839 2096 1893 Ba-

431 1919 616 1966 taviam
677 1911 1015 1979 Angliamque
1064 1911 1301 1964 mercibus
1337 1943 1353 1971 ‚
1404 1914 1590 1977 parcius
1628 1914 1727 1970 jam
1760 1905 2098 1976 angustiusque

430 1995 753 2034 mercarentur
787 2016 798 2027 .
843 1980 1024 2031 Doluit
1064 1979 1219 2033 Caesar
1253 1979 1389 2034 urbes
1426 1977 1675 2048 quondam
1716 1974 2099 2039 florentissimas,

430 2051 564 2104 velut
598 2048 795 2103 exseCiis
828 2055 1108 2102 commercii
1145 2056 1298 2102 nervis
1323 2082 1338 2110 ‚
1376 2043 1551 2098 solutas
1585 2053 1633 2101 &
1672 2046 1947 2100 debilitatas
1983 2053 2103 2109 jam·

432 2120 518 2173 diu
554 2125 702 2183 jacere
727 2154 737 2164 .
788 2118 948 2183 Qare
995 2136 1161 2169 omnes
1193 2134 1328 2169 curas
1361 2113 1766 2182 cogitationesque
1803 2113 1962 2168 statim
1998 2134 2107 2168 con·

434 2189 546 2240 tulit
583 2188 646 2238 ad
683 2184 906 2237 Ostendae
944 2202 1136 2253 portum
1167 2185 1482 2257 reparandum
1495 2208 1519 2252 ‚-
1556 2200 1683 2235 ratus
1719 2185 1770 2235 id
1805 2183 1938 2251 quod
1973 2200 2106 2247 erat,

434 2276 542 2308 eam
592 2273 737 2309 unam
784 2254 877 2306 esse
925 2256 1330 2321 expeditissimam
1378 2259 1611 2305 rati0nem
1672 2252 1835 2305 totius
1870 2258 2105 2304 maritimi

436 2323 634 2393 quaestus
682 2330 730 2375 &
779 2340 1050 2376 mercaturae
1097 2322 1157 2377 ab
1209 2324 1349 2375 India
1399 2324 1727 2390 Americaque
1775 2327 1822 2374 in
1873 2320 2107 2386 Belgium

437 2390 749 2446 transferendi
776 2428 786 2438 .
840 2394 948 2445 Nec
983 2391 1190 2445 fefellere
1224 2391 1458 2455 eiusmodi
1493 2388 1684 2443 confilia
1734 2390 1927 2455 Anglos
1975 2389 2106 2441 Hol-

440 2458 726 2529 landosque-
764 2461 955 2527 Qianta
995 2462 1124 2514 mole
1162 2461 1435 2515 laboratum
1471 2460 1532 2515 ab
1561 2466 1615 2510 iis
1651 2458 1717 2510 est
1746 2493 1763 2521 ‚
1801 2474 1852 2510 ut
1889 2465 2108 2510 incitatos

439 2528 637 2583 Caesaris
687 2534 896 2595 impetus
944 2531 1276 2593 retardarent,
1328 2536 1465 2582 veriti
1504 2547 1559 2580 ne
1594 2525 1849 2596 quaestuosa
1897 2525 2107 2596 ipsorum

447 2601 715 2666 negotiatio
776 2605 1196 2652 interverteretur!
1257 2600 1401 2651 Vidit
1460 2595 1822 2666 sapientissimus
1884 2597 2110 2664 Princeps

448 2670 713 2721 Bataviam
749 2665 878 2733 quasi
915 2668 1101 2719 adad‘tis
1148 2668 1212 2720 ad
1260 2670 1426 2720 vitalia
1474 2667 1581 2717 telis
1627 2672 1724 2728 jam
1772 2672 2106 2719 commoveri:

444 2738 567 2788 vidit
603 2734 703 2786 fore
738 2753 789 2786 ut
827 2735 942 2786 nihil
983 2735 1193 2788 inausum
1218 2769 1234 2797 ‚
1272 2736 1389 2788 nihil
1428 2740 1713 2787 intentatum
1751 2733 2064 2803 relinquerent
2089 2765 2106 2796 2

448 2823 569 2875 «quos
603 2811 881 2857 commercii
916 2823 1026 2856 cura
1062 2805 1300 2875 coquebat
1348 2809 1485 2857 unice
1506 2832 1529 2851 .·
1571 2806 1689 2855 Res‘
1721 2803 1785 2855 ad
1831 2806 2107 2916 afmssgiflm

1879 2886 1935 2934 pe
1974 2887 2033 2917 ,ψ
