2446 3408
1172 361 1432 433 (xx.)

471 477 705 543 fastigiata
743 473 885 525 molis
935 487 1041 542 pars
1088 481 1319 520 excavata
1369 472 1494 517 intus
1540 479 1684 527 erat3
1733 467 1950 536 adeoque
2003 486 2132 535 pam.

470 550 599 601 statis
634 540 1002 611 columnisque,
1050 537 1226 607 quibus
1266 535 1595 596 innitebatur,
1643 554 1670 585 a
1717 555 1879 588 centro
1928 543 1974 590 &
2015 555 2133 587 mar.

468 625 577 684 gine
614 609 856 681 suppositae
893 608 1077 661 fabrica:
1115 603 1324 658 distabat
1349 639 1366 667 ‚
1418 621 1468 656 ut
1505 609 1685 664 circum
1725 612 1769 655 in
1807 614 1965 671 girum
2004 625 2132 656 com.

469 686 617 751 moda
655 681 761 734 satis
799 679 926 733 ultro
960 684 1179 746 citroque
1217 674 1441 726 euntibus
1479 674 1647 724 laxitas
1683 672 1797 725 esset
1823 709 1839 736 ‚
1887 692 2030 743 atque
2073 682 2133 724 in-

470 775 545 810 tus
583 771 689 805 area
719 785 735 813 ,
784 763 1097 816 praeterquam
1146 743 1280 812 quod
1330 761 1450 794 urnae
1497 760 1689 809 capax,
1739 742 1874 795 sacris
1913 762 2129 811 praeterea

472 819 823 880 lustrationibus
846 837 872 869 a
904 814 1096 868 Praesule
1133 820 1332 864 mitrato
1370 812 1696 879 Collegioque
1729 812 1941 865 universo
1968 817 2135 863 lacien-

473 898 547 948 dis
584 909 716 944 more
754 890 1064 954 institutoque
1102 881 1396 935 Pontificum
1434 878 1671 948 aptiffima
1697 917 1707 928 .
1747 883 2000 934 Columnae
2025 901 2135 950 qua-

473 981 582 1017 tuor
618 958 877 1013 dimidiam
916 972 1101 1024 partem
1142 951 1308 1004 striatae
1343 951 1407 1001 ad
1456 950 1657 1014 angulos
1703 951 1993 1017 exurgebant
2021 986 2035 1013 ‚
2085 958 2135 1003 δε

475 1035 568 1086 leni
605 1031 756 1098 spatio
794 1022 1071 1094 interposlto
1108 1020 1350 1090 parastatae
1386 1020 1593 1070 totidem
1620 1053 1635 1081 ‚
1684 1039 1787 1089 quae
1832 1028 1880 1074 ἃ
1928 1027 2135 1072 cavitate

475 1101 552 1155 sua
590 1098 872 1151 rotunditati
909 1094 1244 1148 columnarum
1283 1090 1615 1158 responderent
1640 1123 1657 1151 ,
1705 1097 1754 1144 ἀ
1804 1090 1992 1156 longius
2032 1109 2134 1158 pro-

475 1170 631 1224 duCtae
667 1168 730 1219 ad
768 1167 914 1220 latera
949 1178 1170 1215 antarum
1195 1195 1212 1223 ‚
1261 1159 1337 1211 seu
1387 1166 1542 1210 verius
1577 1166 1937 1227 antepagmenti
1980 1167 2133 1211 vicem

477 1241 700 1293 obirent:
749 1256 775 1287 a
814 1232 965 1304 spatio
1000 1238 1128 1284 enim
1157 1265 1174 1294 ,
1221 1230 1352 1300 quod
1396 1246 1540 1280 unam
1581 1235 1700 1279 inter
1735 1236 1783 1281 &
1820 1230 2019 1280 alteram
2060 1247 2136 1295 pa-

480 1308 704 1361 rastatam
740 1322 838 1358 erat
877 1319 1021 1373 porta:
1060 1318 1268 1370 quatuor
1302 1296 1682 1350 efformabantur
1707 1333 1718 1345 .
1761 1300 1854 1349 Hae
1889 1317 2031 1366 porro
2068 1317 2139 1347 or·

480 1395 594 1430 natae
629 1392 761 1428 erant
796 1372 1097 1440 concrispatis
1135 1367 1405 1421 holosericis
1453 1366 1513 1417 ab
1550 1385 1660 1420 arcu
1701 1368 1905 1435 ipsarum
1944 1366 2138 1435 superci-

482 1451 642 1515 lioque
681 1442 1100 1514 dependentibus3
1149 1456 1293 1507 atque
1330 1438 1393 1488 ad
1432 1437 1482 1487 id
1520 1452 1745 1503 protentae
1779 1454 2002 1488 extremae
2040 1454 2139 1504 par·

481 1536 551 1568 tes
589 1515 751 1567 velarii
778 1547 794 1575 ,
843 1511 977 1582 quod
1025 1515 1234 1577 conopaei
1286 1512 1331 1557 in
1380 1504 1582 1573 speciem
1621 1511 1829 1556 interiori
1864 1505 2140 1572 cenotaphii

482 1603 678 1638 camerae
713 1580 970 1652 appensum
997 1613 1013 1643 ,
1063 1593 1407 1648 portarumque
1444 1571 1699 1642 superciliiS
1735 1575 1989 1640 alligatum
2030 1575 2138 1624 hinc

483 1655 594 1707 inde
631 1651 811 1705 sinuoso
848 1649 976 1702 flexu
1025 1647 1223 1716 pulchre
1273 1642 1519 1696 defluebat
1549 1678 1560 1688 .
1610 1643 1844 1709 Capitula
1894 1645 2138 1695 columna.

476 1742 589 1777 ‘rum
624 1738 881 1790 totumque
916 1723 1186 1785 cymatium
1228 1721 1440 1764 inaurata
1476 1727 1652 1771 erant3
1701 1717 1750 1763 &
1787 1713 2057 1779 zophorum
2096 1718 2142 1761 in

482 1801 643 1861 girum
679 1789 842 1857 sigillis
867 1823 887 1851 5
919 1786 1068 1840 fasciis
1092 1820 1109 1848 ‚
1146 1782 1409 1850 regulisque
1449 1778 1805 1832 versicoloribus
1832 1780 2141 1832 distinctum.

485 1867 544 1916 ln
578 1876 791 1913 extrema
830 1876 962 1927 parte
998 1856 1226 1907 machina:
1252 1887 1268 1915 ‚
1320 1866 1480 1919 praeter
1523 1849 1726 1900 corollas
1750 1882 1767 1910 ,
1820 1851 2094 1914 pyramides
2127 1884 2143 1911 ,

482 1932 673 1986 urnulas
709 1928 945 1981 fumantes
968 1961 984 1990 ,
1020 1927 1210 1993 aliaque
1248 1926 1477 1973 acroteria
1517 1918 1668 1971 multa
1696 1951 1712 1980 ,
1751 1915 2017 1970 visebantur
2045 1937 2146 1970 mu-

482 2003 573 2054 tuli
609 2016 817 2069 quatuor
852 1997 1019 2049 leniter
1053 1998 1273 2054 arcuati,
1321 2006 1467 2058 atque
1516 1994 1562 2038 in
1599 1987 1802 2056 zophori
1840 1988 2045 2052 angulos
2083 1994 2146 2037 in·

483 2071 760 2124 cumbentes
785 2103 802 2131 ,
849 2074 934 2137 qui
984 2072 1159 2118 vertice
1208 2059 1289 2113 suo
1335 2073 1561 2111 coeuntes
1598 2054 1746 2108 basim
1784 2056 2099 2109 sustentabant
2128 2091 2146 2119 ,

483 2146 560 2193 cui
600 2138 771 2205 globus
809 2143 1006 2203 ingens,
1052 2133 1296 2200 globoque
1344 2146 1455 2180 cum
1498 2130 1651 2179 Aurei
1695 2124 1900 2177 VelleriS
1938 2127 2143 2193 Torque

486 2206 683 2261 Caesaris
722 2204 916 2272 infignia
954 2199 1175 2272 imposita
1203 2233 1221 2262 ‚
1260 2197 1456 2266 Aquilae
1492 2201 1721 2247 nimirum
1754 2227 1771 2256 2
1806 2200 1855 2247 &
1895 2193 2146 2247 Diadema

490 2281 870 2346 Imperatorium
899 2313 910 2323 .

559 2349 679 2399 Hoc
716 2346 859 2397 AEdis
895 2356 1128 2412 apparatu
1165 2337 1313 2391 XIV.
1340 2334 1451 2386 Cal:
1490 2334 1587 2400 Ian:
1626 2329 1874 2400 Exsequiae
1906 2329 2150 2385 celebratae

490 2415 632 2469 sunt:
681 2432 892 2483 urnaque
929 2412 1057 2464 sacro
1096 2418 1187 2460 ritu
1223 2411 1416 2473 expiata
1445 2437 1461 2466 ‚
1512 2403 1710 2468 Ioannes
1760 2401 2004 2454 Lecchius
2042 2403 2147 2451 Soc:

488 2486 591 2553 Iesu
625 2481 871 2536 funebrem
908 2482 968 2534 de
1007 2479 1228 2532 laudibus
1276 2475 1482 2530 CARom
1523 2473 1616 2523 VI.
1655 2473 1942 2522 Orationem
1981 2469 2150 2520 habuit

489 2556 554 2607 ad
591 2554 820 2605 Senatum
857 2558 906 2605 δι
945 2548 1266 2615 Magistratus
1292 2579 1308 2606 ‚
1344 2542 1615 2609 ceterosque
1643 2537 2038 2591 Mediolanenses
2069 2541 2152 2588 Pa·

491 2630 652 2676 tricios
688 2642 743 2673 ac
781 2623 931 2674 Cives
959 2654 974 2682 ‚
1023 2624 1106 2687 qui
1156 2611 1513 2683 frequentissimi
1566 2611 1630 2661 ad
1668 2608 2050 2677 prosequendum
2087 2604 2153 2657 fu-

492 2712 578 2746 nus
613 2694 845 2760 Principis
882 2691 942 2742 de
994 2686 1146 2756 ipsis,
1196 2701 1396 2752 totaque
1445 2683 1644 2748 Europa
1693 2678 1817 2730 adeo
1868 2678 2145 2730 benemeriti

493 2776 809 2816 convenerant
832 2792 846 2809 .

1916 2952 2087 3014 ORA-
