2446 3408
1132 391 1469 459 (XXX.)

462 509 710 569 greditur.
761 503 1035 555 Nihildum
1076 520 1177 554 erat
1214 503 1420 556 allatum
1457 503 1517 554 de
1554 502 1764 555 adventu
1801 501 1983 557 socialis
2037 507 2145 560 clas·

460 568 554 638 {353
592 580 705 644 quin
744 579 901 623 immo
937 592 996 624 ea
1032 570 1108 639 spe
1145 579 1244 634 jam
1274 592 1421 641 prope
1446 572 1721 624 exciderant
1749 581 1877 624 cives
1906 609 1921 636 ,
1957 594 2013 626 ac
2047 580 2142 630 alia

461 654 620 699 omnia
645 641 968 706 cogitabant:
1008 660 1122 692 nam
1167 649 1439 694 maritimos
1475 639 1631 693 cursus
1671 644 2006 709 praecludebat
2046 646 2140 698 hie-

460 724 550 768 mis
586 712 912 776 magnitudo.
970 713 1044 762 At
1082 729 1191 762 ecce
1234 711 1321 763 tibi
1349 745 1365 773 ‚
1420 718 1499 763 vix
1549 710 1732 777 postera
1788 713 1891 764 dles
1931 715 2141 767 dilluxe-

463 801 529 836 rat
557 817 572 843 ‚
624 787 707 849 qui
743 785 790 829 in
828 780 1039 832 turribus
1077 786 1125 831 Sc
1161 782 1308 832 editis
1347 786 1574 832 moenium
1624 784 1998 848 propugnaculis
2041 803 2138 836 ver-

468 852 684 904 sabantur
708 884 724 910 ‚
760 855 809 902 &
849 867 980 900 mare
1018 856 1206 901 eminus
1247 849 1618 916 prospe&abant
1645 884 1661 911 ‚
1698 851 1896 902 classem
1924 886 1940 914 ‚
1994 854 2135 905 incla-

463 937 596 974 mant
622 955 638 982 ‚
678 917 902 972 socialem
941 918 1180 969 classem!
1232 920 1513 970 Foederatos
1550 925 1650 980 jam
1688 925 1890 988 jamque
1927 921 2134 985 adeffe3

462 990 723 1043 fatidicum
767 989 1043 1044 CAROLUM
1073 1021 1089 1048 ‚
1144 988 1347 1054 dignum
1387 987 1514 1039 orbis
1556 990 1771 1055 Imperio
1812 991 2084 1059 Principem
2115 1027 2132 1054 ‚

463 1067 596 1122 cujus
633 1058 795 1123 gloriae
829 1072 903 1108 tot
940 1057 1217 1109 muneribus
1245 1073 1412 1109 natura
1439 1090 1455 1118 ,
1496 1066 1645 1109 virtus
1669 1066 1961 1111 ornamentis
1986 1094 2002 1122 ,
2040 1059 2130 1112 for-

465 1148 577 1183 tuna
617 1126 836 1178 vidioriis
861 1160 879 1187 ,
918 1126 1060 1179 Deus
1097 1125 1191 1192 ipse
1230 1126 1423 1178 ostentis
1460 1144 1591 1194 poene
1628 1127 1888 1179 coelestibus
1912 1130 2132 1180 obsecun-

464 1203 595 1252 daret
622 1232 633 1244 .
681 1195 890 1247 Diditur
932 1213 1016 1263 per
1054 1195 1221 1248 urbem
1250 1214 1457 1256 rumor3
1501 1198 1632 1247 ilicet
1659 1194 1814 1247 fausto
1840 1198 2007 1264 plausu
2035 1217 2133 1266 per·

464 1268 592 1321 sonat
629 1264 741 1317 urbs
766 1299 780 1326 ‚
821 1284 904 1316 nec
945 1266 1103 1317 dubiis
1144 1266 1387 1317 ominibus
1413 1266 1671 1317 vid-'soriam
1713 1271 1756 1315 in
1797 1267 2040 1332 posterum
2068 1266 2132 1318 fa=

464 1338 606 1389 cilem
644 1333 842 1402 quisque
883 1333 1156 1401 praesumere
1182 1371 1193 1382 .
1246 1334 1380 1398 Quid
1420 1352 1524 1386 tum
1564 1335 1818 1385 Carolus?
1858 1337 2023 1387 Reeie
2050 1337 2131 1387 ha-

465 1408 544 1458 bet
568 1440 584 1467 ‚
623 1409 818 1471 inquit5
857 1420 906 1460 at
943 1404 1136 1455 coelestis
1176 1410 1423 1471 promeriti
1467 1404 1604 1470 plane
1651 1422 1889 1454 memores
1916 1425 1999 1456 nos
2025 1424 2130 1473 pro-

462 1477 672 1534 bemus3
726 1473 899 1539 Itaque
937 1478 981 1522 in
1035 1488 1170 1524 tanto
1210 1490 1456 1525 armorum
1499 1472 1714 1523 tumultu
1754 1491 1990 1540 motuque
2030 1482 2127 1525 ani·

461 1561 654 1597 morum
691 1559 855 1594 curam
896 1541 1017 1595 hanc
1054 1549 1230 1594 caeteris
1267 1542 1644 1608 praevertendam
1683 1556 1813 1592 ratus
1837 1575 1852 1602 ‚
1894 1543 2022 1593 nulla
2063 1550 2128 1593 in-

459 1610 682 1680 terpofita
721 1627 855 1663 mora
894 1611 955 1663 ad
994 1610 1233 1680 templum
1276 1612 1377 1661 Dei
1418 1612 1602 1662 Matris
1627 1645 1642 1671 ,
1682 1612 1815 1677 quod
1856 1610 2127 1664 Barcinone

459 1684 635 1735 colitur
660 1714 675 1742 ,
714 1695 818 1730 tum
858 1679 1086 1744 religione
1127 1681 1261 1740 loci,
1315 1695 1422 1730 tum·
1467 1679 1638 1730 Caroli
1691 1679 1863 1744 Qinti
1904 1680 2124 1747 sceptro,

459 1759 507 1806 δε
540 1749 804 1811 chlamyde
839 1754 938 1810 ejus
975 1749 1114 1800 tholo
1154 1747 1368 1816 appensis
1392 1782 1408 1807 ,
1452 1747 1689 1814 Hispania
1739 1764 1842 1798 tota
1880 1749 2124 1800 celeberri-

460 1839 596 1872 mum
649 1816 852 1886 pedibus
901 1823 967 1868 ire
1019 1817 1263 1880 instituit,
1311 1813 1458 1868 effusa
1508 1816 1572 1867 ad
1623 1814 1954 1884 speCiaculum
2006 1817 2123 1871 urbe

460 1907 562 1941 tota
590 1926 601 1936 .

527 1957 663 2023 Qid
690 1955 751 2007 ab
788 1954 878 2006 bac
916 1953 1135 2021 singulari
1174 1962 1352 2023 pietate
1387 1973 1477 2005 non
1517 1951 1723 2006 faustum
1750 1987 1767 2016 ‚
1804 1953 2121 2007 fortunatum-

459 2046 552 2097 que
590 2025 803 2095 polliceri
831 2023 913 2076 sibi
951 2030 1051 2086 jure
1092 2023 1290 2093 posset?
1340 2024 1501 2089 Qare
1550 2024 1663 2075 date
1715 2023 1838 2074 mihi
1878 2023 2000 2074 hanc
2039 2044 2115 2075 ve-

459 2105 589 2147 niam
615 2130 631 2156 ,
671 2111 723 2146 ut
762 2109 994 2162 perpetuo
1031 2094 1118 2146 illo
1155 2112 1312 2146 rerum
1351 2091 1663 2145 secundarum
1701 2091 1835 2144 cursu
1875 2091 2116 2161 paulisper

459 2165 659 2234 provehi
698 2182 775 2215 me
812 2163 1185 2232 quodammodo
1225 2162 1371 2214 finam
1399 2198 1409 2208 .
1472 2161 1651 2229 Ecquae
1700 2180 1809 2229 pars
1859 2168 1988 2213 enim
2029 2179 2116 2213 ter-

456 2253 615 2285 rarum
654 2232 743 2284 suit
769 2267 784 2293 ‚
822 2251 968 2300 quam
1013 2233 1084 2283 vel
1122 2239 1224 2293 ejus
1261 2230 1480 2298 auspiciis
1517 2229 1807 2297 consilioque
1834 2264 1850 2291 ,
1903 2230 1978 2281 vel
2015 2238 2116 2293 ejus

457 2304 610 2354 dud'tu
652 2302 854 2353 vicioria
897 2302 1096 2368 Imperii
1150 2299 1393 2352 Austriaci
1447 2317 1538 2348 non
1578 2303 1949 2366 peragraverit?
2001 2299 2116 2349 Dis-

455 2370 583 2424 cussa
622 2371 798 2437 ubique
836 2368 1045 2421 hostium
1081 2368 1272 2420 consilia
1299 2403 1315 2430 ,
1354 2366 1495 2418 fracti
1533 2384 1731 2418 conatus
1757 2402 1773 2429 ,
1812 2367 1950 2419 urbes
1974 2365 2116 2419 obses-

456 2440 508 2491 sae
533 2474 548 2500 ,
587 2456 732 2506 captae
759 2473 774 2500 ‚
812 2445 859 2491 &
897 2445 1090 2503 ingenio
1127 2439 1216 2489 loci
1244 2471 1261 2500 ‚
1298 2444 1347 2490 &
1373 2443 1487 2487 artis
1518 2435 1728 2503 praesidio
1755 2436 2071 2488 munitissimae
2095 2471 2114 2499 ,

457 2510 723 2564 Alcantara
763 2526 1024 2574 paucorum
1062 2508 1248 2558 dierum
1290 2525 1424 2557 mora
1461 2507 1524 2557 ad
1562 2507 1860 2557 deditionem
1899 2507 2115 2572 compul-

456 2578 499 2629 sa
527 2611 544 2639 ,
578 2582 846 2643 interceptis
881 2576 1276 2636 commeatibus3
1320 2580 1571 2640 Aragonia
1612 2575 1830 2624 vicioriis
1870 2573 2106 2637 lustrata5

460 2648 726 2698 Matritum
764 2652 808 2694 in
858 2644 1139 2710 potestatem
1179 2645 1464 2704 redaCium3
1503 2643 1726 2694 Baleares
1766 2640 1916 2694 insulae
1954 2653 2111 2709 primo

460 2716 572 2765 belii
602 2721 782 2780 impetu
809 2729 1092 2779 occupatae)
1133 2713 1512 2777 Starembergius
1552 2720 1597 2761 in
1636 2708 1871 2779 Hispania
1899 2746 1915 2773 ‚
1955 2713 2112 2775 Euge-

460 2790 562 2834 nius
599 2789 644 2833 in
672 2782 938 2832 Germania
964 2813 980 2840 ,
1017 2782 1195 2848 Belgio
1220 2816 1236 2843 ‚
1280 2782 1420 2832 Italia
1448 2816 1464 2842 ‚
1503 2781 1674 2832 Caroli
1702 2780 1923 2848 auspiciis
1948 2814 1964 2843 ,
2003 2799 2111 2846 gen·

458 2859 580 2902 tium
621 2850 867 2910 vidiores3
906 2849 1133 2901 Flandria
1173 2848 1280 2901 susis
1314 2849 1378 2900 ad
1420 2849 1757 2902 Aldenardatn
1797 2850 2006 2901 hostium
2034 2867 2109 2900 co·

461 2928 548 2988 piis
574 2955 590 2981 ,
639 2919 945 2986 claustrisque
995 2917 1245 2985 perfraehs
1284 2934 1448 2984 patens
1489 2926 1536 2970 ἄν
1575 2935 1782 2985 apertaj,
1833 2917 2009 3038 IIZIIostsiis
2044 2919 2113 2983 ad>

1902 3001 1956 3035 ec
1998 3001 2039 3036 e-
